% This file was created with JabRef 2.6b2.
% Encoding: ISO8859_1

@BOOK{abramowitz+stegun,
  title = {Handbook of Mathematical Functions with Formulas, Graphs, and Mathematical
	Tables},
  publisher = {Dover},
  year = {1964},
  author = {Milton Abramowitz and Irene A. Stegun},
  address = {New York},
  isbn = {0-486-61272-4}
}

@ARTICLE{Acquaviva:2002ud,
  author = {Acquaviva, Viviana and Bartolo, Nicola and Matarrese, Sabino and
	Riotto, Antonio},
  title = {{Second-order cosmological perturbations from inflation}},
  journal = {Nucl. Phys.},
  year = {2003},
  volume = {B667},
  pages = {119-148},
  archiveprefix = {arXiv},
  doi = {10.1016/S0550-3213(03)00550-9},
  eprint = {astro-ph/0209156},
  owner = {ith},
  slaccitation = {%%CITATION = ASTRO-PH/0209156;%%},
  timestamp = {2009.06.26}
}

@ARTICLE{Agarwal:2008ah,
  author = {Agarwal, Nishant and Bean, Rachel},
  title = {{Cosmological constraints on general, single field inflation}},
  journal = {Phys. Rev.},
  year = {2009},
  volume = {D79},
  pages = {023503},
  archiveprefix = {arXiv},
  doi = {10.1103/PhysRevD.79.023503},
  eprint = {0809.2798},
  file = {ArXiv pdf:http\://arxiv.org/pdf/0809.2798:PDF},
  owner = {ith},
  primaryclass = {astro-ph},
  slaccitation = {%%CITATION = 0809.2798;%%},
  timestamp = {2008.09.18}
}

@ARTICLE{Agullo:2009vq,
  author = {Agullo, Ivan and Navarro-Salas, Jose and Olmo, Gonzalo J. and Parker,
	Leonard},
  title = {{Revising the predictions of inflation for the cosmic microwave background
	anisotropies}},
  journal = {Phys. Rev. Lett.},
  year = {2009},
  volume = {103},
  pages = {061301},
  archiveprefix = {arXiv},
  doi = {10.1103/PhysRevLett.103.061301},
  eprint = {0901.0439},
  file = {ArXiv pdf:http\://arxiv.org/pdf/0901.0439:PDF},
  owner = {ith},
  primaryclass = {astro-ph},
  slaccitation = {%%CITATION = 0901.0439;%%},
  timestamp = {2009.01.06}
}

@ARTICLE{Alabidi:2008ej,
  author = {Alabidi, Laila and Lidsey, James E.},
  title = {{Single-Field Inflation After WMAP5}},
  journal = {Phys. Rev.},
  year = {2008},
  volume = {D78},
  pages = {103519},
  archiveprefix = {arXiv},
  doi = {10.1103/PhysRevD.78.103519},
  eprint = {0807.2181},
  file = {ArXiv pdf:http\://arxiv.org/pdf/0807.2181:PDF},
  keywords = {printed},
  owner = {ith},
  primaryclass = {astro-ph},
  slaccitation = {%%CITATION = 0807.2181;%%},
  timestamp = {2008.07.15}
}

@ARTICLE{Alabidi:2005qi,
  author = {Alabidi, Laila and Lyth, David H.},
  title = {{Inflation models and observation}},
  journal = {JCAP},
  year = {2006},
  volume = {0605},
  pages = {016},
  archiveprefix = {arXiv},
  eprint = {astro-ph/0510441},
  file = {ArXiv pdf:http\://arxiv.org/pdf/astro-ph/0510441:PDF},
  owner = {ith},
  slaccitation = {%%CITATION = ASTRO-PH/0510441;%%},
  timestamp = {2008.03.06}
}

@ARTICLE{Albrecht:1982wi,
  author = {Albrecht, Andreas and Steinhardt, Paul J.},
  title = {Cosmology For Grand Unified Theories With Radiatively Induced Symmetry
	Breaking},
  journal = {Phys. Rev. Lett.},
  year = {1982},
  volume = {48},
  pages = {1220-1223},
  owner = {ith},
  slaccitation = {%%CITATION = PRLTA,48,1220;%%},
  timestamp = {2008.03.06}
}

@ARTICLE{Alexander:2007xx,
  author = {Alexander, Stephon and Biswas, Tirthabir and Notari, Alessio and
	Vaid, Deepak},
  title = {{Local Void vs Dark Energy: Confrontation with WMAP and Type Ia Supernovae}},
  journal = {JCAP},
  year = {2009},
  volume = {0909},
  pages = {025},
  archiveprefix = {arXiv},
  doi = {10.1088/1475-7516/2009/09/025},
  eprint = {0712.0370},
  owner = {ian},
  primaryclass = {astro-ph},
  slaccitation = {%%CITATION = 0712.0370;%%},
  timestamp = {2009.08.31}
}

@ARTICLE{Ali:2008ij,
  author = {Ali, Amna and Chingangbam, R. and Panda, Sudhakar and Sami, M.},
  title = {{Prospects of inflation with perturbed throat geometry}},
  journal = {Phys. Lett.},
  year = {2009},
  volume = {B674},
  pages = {131-136},
  archiveprefix = {arXiv},
  doi = {10.1016/j.physletb.2009.03.007},
  eprint = {0809.4941},
  file = {ArXiv pdf:http\://arxiv.org/pdf/0809.4941:PDF},
  owner = {ith},
  primaryclass = {hep-th},
  slaccitation = {%%CITATION = 0809.4941;%%},
  timestamp = {2008.12.09}
}

@ARTICLE{brane11,
  author = {Alishahiha, Mohsen and Silverstein, Eva and Tong, David},
  title = {{DBI in the sky}},
  journal = {Phys. Rev.},
  year = {2004},
  volume = {D70},
  pages = {123505},
  archiveprefix = {arXiv},
  doi = {10.1103/PhysRevD.70.123505},
  eprint = {hep-th/0404084},
  file = {ArXiv pdf:http\://arxiv.org/pdf/hep-th/0404084:PDF},
  owner = {ith},
  slaccitation = {%%CITATION = HEP-TH/0404084;%%},
  timestamp = {2008.03.06}
}

@ARTICLE{Alnes:2005rw,
  author = {Alnes, Havard and Amarzguioui, Morad and Gron, Oyvind},
  title = {{An inhomogeneous alternative to dark energy?}},
  journal = {Phys. Rev.},
  year = {2006},
  volume = {D73},
  pages = {083519},
  archiveprefix = {arXiv},
  doi = {10.1103/PhysRevD.73.083519},
  eprint = {astro-ph/0512006},
  owner = {ian},
  slaccitation = {%%CITATION = ASTRO-PH/0512006;%%},
  timestamp = {2009.08.31}
}

@MISC{pytables,
  author = {Francesc Alted and Ivan Vilata and others},
  title = {{PyTables}: Hierarchical Datasets in {Python}},
  howpublished = {\url{http://www.pytables.org/}},
  year = {2002--},
  owner = {ian},
  timestamp = {2009.11.06}
}

@ARTICLE{lrr-2001-2,
  author = {Peter Anninos},
  title = {Computational Cosmology: From the Early Universe to the Large Scale
	Structure},
  journal = {Living Reviews in Relativity},
  year = {2001},
  volume = {4},
  number = {2},
  file = {Downloaded article:misc/network/ith/jabref-storage/lrr-2001-2BW.pdf:PDF},
  keywords = {numerical methods, physical cosmology, relativistic cosmology},
  owner = {ith},
  timestamp = {2008.07.04},
  url = {http://www.livingreviews.org/lrr-2001-2}
}

@ARTICLE{Arroja:2008ma,
  author = {Arroja, Frederico},
  title = {{On the four-dimensional effective theories in brane- worlds}},
  year = {2008},
  archiveprefix = {arXiv},
  eprint = {0812.1431},
  file = {ArXiv pdf:http\://arxiv.org/pdf/0812.1431:PDF},
  owner = {ith},
  primaryclass = {hep-th},
  slaccitation = {%%CITATION = 0812.1431;%%},
  timestamp = {2008.12.09}
}

@ARTICLE{Arroja:2008yy,
  author = {Arroja, Frederico and Mizuno, Shuntaro and Koyama, Kazuya},
  title = {{Non-Gaussianity from the bispectrum in general multiple field inflation}},
  journal = {JCAP},
  year = {2008},
  volume = {0808},
  pages = {015},
  archiveprefix = {arXiv},
  doi = {10.1088/1475-7516/2008/08/015},
  eprint = {0806.0619},
  file = {ArXiv pdf:http\://arxiv.org/pdf/0806.0619:PDF},
  owner = {ith},
  primaryclass = {astro-ph},
  slaccitation = {%%CITATION = 0806.0619;%%},
  timestamp = {2009.02.27}
}

@ARTICLE{Arroja:2009pd,
  author = {Arroja, Frederico and Mizuno, Shuntaro and Koyama, Kazuya and Tanaka,
	Takahiro},
  title = {{On the full trispectrum in single field DBI-inflation}},
  journal = {Phys. Rev.},
  year = {2009},
  volume = {D80},
  pages = {043527},
  archiveprefix = {arXiv},
  doi = {10.1103/PhysRevD.80.043527},
  eprint = {0905.3641},
  owner = {ian},
  primaryclass = {hep-th},
  slaccitation = {%%CITATION = 0905.3641;%%},
  timestamp = {2009.09.17}
}

@ARTICLE{Ashoorioon:2009wa,
  author = {Ashoorioon, Amjad and Firouzjahi, Hassan and Sheikh-Jabbari, M. M.},
  title = {{M-flation: Inflation From Matrix Valued Scalar Fields}},
  journal = {JCAP},
  year = {2009},
  volume = {0906},
  pages = {018},
  archiveprefix = {arXiv},
  doi = {10.1088/1475-7516/2009/06/018},
  eprint = {0903.1481},
  file = {ArXiv pdf:http\://arxiv.org/pdf/0903.1481:PDF},
  owner = {ith},
  primaryclass = {hep-th},
  slaccitation = {%%CITATION = 0903.1481;%%},
  timestamp = {2009.03.16}
}

@ARTICLE{Ashoorioon:2008qr,
  author = {Ashoorioon, Amjad and Krause, Axel and Turzynski, Krzysztof},
  title = {{Energy Transfer in Multi Field Inflation and Cosmological Perturbations}},
  journal = {JCAP},
  year = {2009},
  volume = {0902},
  pages = {014},
  archiveprefix = {arXiv},
  doi = {10.1088/1475-7516/2009/02/014},
  eprint = {0810.4660},
  file = {ArXiv pdf:http\://arxiv.org/pdf/0810.4660:PDF},
  owner = {ith},
  primaryclass = {hep-th},
  slaccitation = {%%CITATION = 0810.4660;%%},
  timestamp = {2009.02.27}
}

@ARTICLE{Assadullahi:2009nf,
  author = {Assadullahi, Hooshyar and Wands, David},
  title = {{Gravitational waves from an early matter era}},
  journal = {Phys. Rev.},
  year = {2009},
  volume = {D79},
  pages = {083511},
  archiveprefix = {arXiv},
  doi = {10.1103/PhysRevD.79.083511},
  eprint = {0901.0989},
  file = {ArXiv pdf:http\://arxiv.org/pdf/0901.0989:PDF},
  keywords = {printed},
  owner = {ith},
  primaryclass = {astro-ph},
  slaccitation = {%%CITATION = 0901.0989;%%},
  timestamp = {2009.01.16}
}

@ARTICLE{Astier2006,
  author = {Astier, Pierre and others},
  title = {{The Supernova Legacy Survey: Measurement of $\Omega_M$, $\Omega_\Lambda$
	and $w$ from the First Year Data Set}},
  journal = {Astron. Astrophys.},
  year = {2006},
  volume = {447},
  pages = {31-48},
  archiveprefix = {arXiv},
  collaboration = {The SNLS},
  doi = {10.1051/0004-6361:20054185},
  eprint = {astro-ph/0510447},
  owner = {ian},
  slaccitation = {%%CITATION = ASTRO-PH/0510447;%%},
  timestamp = {2009.08.27}
}

@ARTICLE{Avgoustidis:2008zu,
  author = {Avgoustidis, A. and Zavala, I.},
  title = {{Warped Wilson Line DBI Inflation}},
  journal = {JCAP},
  year = {2009},
  volume = {0901},
  pages = {045},
  archiveprefix = {arXiv},
  doi = {10.1088/1475-7516/2009/01/045},
  eprint = {0810.5001},
  file = {ArXiv pdf:http\://arxiv.org/pdf/0810.5001:PDF},
  owner = {ith},
  primaryclass = {hep-th},
  slaccitation = {%%CITATION = 0810.5001;%%},
  timestamp = {2009.02.27}
}

@ARTICLE{Babich:2004gb,
  author = {Babich, Daniel and Creminelli, Paolo and Zaldarriaga, Matias},
  title = {{The shape of non-Gaussianities}},
  journal = {JCAP},
  year = {2004},
  volume = {0408},
  pages = {009},
  archiveprefix = {arXiv},
  doi = {10.1088/1475-7516/2004/08/009},
  eprint = {astro-ph/0405356},
  owner = {ian},
  slaccitation = {%%CITATION = ASTRO-PH/0405356;%%},
  timestamp = {2009.08.30}
}

@ARTICLE{dual3,
  author = {Bachas, C. and Douglas, Michael R. and Schweigert, C.},
  title = {{Flux stabilization of D-branes}},
  journal = {JHEP},
  year = {2000},
  volume = {05},
  pages = {048},
  archiveprefix = {arXiv},
  eprint = {hep-th/0003037},
  file = {ArXiv pdf:http\://arxiv.org/pdf/hep-th/0003037:PDF},
  owner = {ith},
  slaccitation = {%%CITATION = HEP-TH/0003037;%%},
  timestamp = {2008.03.06}
}

@ARTICLE{Bardeen:1980kt,
  author = {Bardeen, James M.},
  title = {{Gauge Invariant Cosmological Perturbations}},
  journal = {Phys. Rev.},
  year = {1980},
  volume = {D22},
  pages = {1882-1905},
  doi = {10.1103/PhysRevD.22.1882},
  owner = {ith},
  slaccitation = {%%CITATION = PHRVA,D22,1882;%%},
  timestamp = {2009.06.26}
}

@ARTICLE{Barnaby:2008fk,
  author = {Barnaby, Neil and Cline, James M.},
  title = {{Predictions for Non-Gaussianity from Nonlocal Inflation}},
  journal = {JCAP},
  year = {2008},
  volume = {0806},
  pages = {030},
  archiveprefix = {arXiv},
  doi = {10.1088/1475-7516/2008/06/030},
  eprint = {0802.3218},
  file = {ArXiv pdf:http\://arxiv.org/pdf/0802.3218:PDF},
  keywords = {printed},
  owner = {ith},
  primaryclass = {hep-th},
  slaccitation = {%%CITATION = 0802.3218;%%},
  timestamp = {2008.03.11}
}

@ARTICLE{Barnaby:2007yb,
  author = {Barnaby, N. and Cline, James M.},
  title = {{Large Non-Gaussianity from Nonlocal Inflation}},
  journal = {JCAP},
  year = {2007},
  volume = {0707},
  pages = {017},
  archiveprefix = {arXiv},
  eprint = {0704.3426},
  file = {ArXiv pdf:http\://arxiv.org/pdf/0704.3426:PDF},
  keywords = {printed},
  owner = {ith},
  primaryclass = {hep-th},
  slaccitation = {%%CITATION = 0704.3426;%%},
  timestamp = {2008.08.29}
}

@ARTICLE{Barnaby:2006cq,
  author = {Barnaby, Neil and Cline, James M.},
  title = {{Non-Gaussian and nonscale-invariant perturbations from tachyonic
	preheating in hybrid inflation}},
  journal = {Phys. Rev.},
  year = {2006},
  volume = {D73},
  pages = {106012},
  archiveprefix = {arXiv},
  doi = {10.1103/PhysRevD.73.106012},
  eprint = {astro-ph/0601481},
  owner = {ith},
  slaccitation = {%%CITATION = ASTRO-PH/0601481;%%},
  timestamp = {2009.07.09}
}

@ARTICLE{Barnaby:2008tc,
  author = {Barnaby, Neil and Kamran, Niky},
  title = {{Dynamics with Infinitely Many Derivatives: Variable Coefficient
	Equations}},
  journal = {JHEP},
  year = {2008},
  volume = {12},
  pages = {022},
  archiveprefix = {arXiv},
  doi = {10.1088/1126-6708/2008/12/022},
  eprint = {0809.4513},
  file = {ArXiv pdf:http\://arxiv.org/pdf/0809.4513:PDF},
  owner = {ith},
  primaryclass = {hep-th},
  slaccitation = {%%CITATION = 0809.4513;%%},
  timestamp = {2008.09.29}
}

@ARTICLE{Bartolo:2004if,
  author = {Bartolo, N. and Komatsu, E. and Matarrese, Sabino and Riotto, A.},
  title = {{Non-Gaussianity from inflation: Theory and observations}},
  journal = {Phys. Rept.},
  year = {2004},
  volume = {402},
  pages = {103-266},
  archiveprefix = {arXiv},
  doi = {10.1016/j.physrep.2004.08.022},
  eprint = {astro-ph/0406398},
  file = {ArXiv pdf:http\://arxiv.org/pdf/astro-ph/0406398:PDF},
  keywords = {toread},
  owner = {ith},
  slaccitation = {%%CITATION = ASTRO-PH/0406398;%%},
  timestamp = {2009.05.18}
}

@ARTICLE{Bartolo:2002vf,
  author = {Bartolo, N and Liddle, Andrew R},
  title = {{The simplest curvaton model}},
  journal = {Phys. Rev.},
  year = {2002},
  volume = {D65},
  pages = {121301},
  archiveprefix = {arXiv},
  doi = {10.1103/PhysRevD.65.121301},
  eprint = {astro-ph/0203076},
  file = {ArXiv pdf:http\://arxiv.org/pdf/astro-ph/0203076:PDF},
  owner = {ith},
  slaccitation = {%%CITATION = ASTRO-PH/0203076;%%},
  timestamp = {2008.09.02}
}

@ARTICLE{Bartolo:2003bz,
  author = {Bartolo, N. and Matarrese, Sabino and Riotto, A.},
  title = {{Evolution of Second-Order Cosmological Perturbations and Non-Gaussianity}},
  journal = {JCAP},
  year = {2004},
  volume = {0401},
  pages = {003},
  archiveprefix = {arXiv},
  doi = {10.1088/1475-7516/2004/01/003},
  eprint = {astro-ph/0309692},
  owner = {ith},
  slaccitation = {%%CITATION = ASTRO-PH/0309692;%%},
  timestamp = {2009.06.26}
}

@ARTICLE{Bartolo:2001cw,
  author = {Bartolo, N. and Matarrese, S. and Riotto, A.},
  title = {{Non-Gaussianity from inflation}},
  journal = {Phys. Rev.},
  year = {2002},
  volume = {D65},
  pages = {103505},
  archiveprefix = {arXiv},
  doi = {10.1103/PhysRevD.65.103505},
  eprint = {hep-ph/0112261},
  owner = {ith},
  slaccitation = {%%CITATION = HEP-PH/0112261;%%},
  timestamp = {2009.06.26}
}

@ARTICLE{Battefeld:2008qg,
  author = {Battefeld, Diana and Battefeld, Thorsten},
  title = {{Multi-Field Inflation on the Landscape}},
  journal = {JCAP},
  year = {2009},
  volume = {0903},
  pages = {027},
  archiveprefix = {arXiv},
  doi = {10.1088/1475-7516/2009/03/027},
  eprint = {0812.0367},
  file = {ArXiv pdf:http\://arxiv.org/pdf/0812.0367:PDF},
  owner = {ith},
  primaryclass = {hep-th},
  slaccitation = {%%CITATION = 0812.0367;%%},
  timestamp = {2009.02.27}
}

@ARTICLE{Battefeld:2008ur,
  author = {Battefeld, Thorsten},
  title = {{Exposition to Staggered Multi-Field Inflation}},
  journal = {Nucl. Phys. Proc. Suppl.},
  year = {2009},
  volume = {192-193},
  pages = {128-129},
  archiveprefix = {arXiv},
  doi = {10.1016/j.nuclphysbps.2009.07.051},
  eprint = {0809.3242},
  file = {ArXiv pdf:http\://arxiv.org/pdf/0809.3242:PDF},
  owner = {ith},
  primaryclass = {astro-ph},
  slaccitation = {%%CITATION = 0809.3242;%%},
  timestamp = {2009.02.27}
}

@ARTICLE{Baumann2009,
  author = {Baumann, Daniel},
  title = {{TASI Lectures on Inflation}},
  year = {2009},
  archiveprefix = {arXiv},
  eprint = {0907.5424},
  owner = {ian},
  primaryclass = {hep-th},
  slaccitation = {%%CITATION = 0907.5424;%%},
  timestamp = {2009.08.27}
}

@ARTICLE{Baumann:2008kq,
  author = {Baumann, Daniel and Dymarsky, Anatoly and Kachru, Shamit and Klebanov,
	Igor R. and McAllister, Liam},
  title = {{Holographic Systematics of D-brane Inflation}},
  journal = {JHEP},
  year = {2009},
  volume = {03},
  pages = {093},
  archiveprefix = {arXiv},
  doi = {10.1088/1126-6708/2009/03/093},
  eprint = {0808.2811},
  file = {ArXiv pdf:http\://arxiv.org/pdf/0808.2811:PDF},
  owner = {ith},
  primaryclass = {hep-th},
  slaccitation = {%%CITATION = 0808.2811;%%},
  timestamp = {2008.08.22}
}

@ARTICLE{Baumann:2009ni,
  author = {Baumann, Daniel and McAllister, Liam},
  title = {{Advances in Inflation in String Theory}},
  year = {2009},
  archiveprefix = {arXiv},
  eprint = {0901.0265},
  file = {ArXiv pdf:http\://arxiv.org/pdf/0901.0265:PDF},
  owner = {ith},
  primaryclass = {hep-th},
  slaccitation = {%%CITATION = 0901.0265;%%},
  timestamp = {2009.01.05}
}

@ARTICLE{bmpaper,
  author = {Baumann, Daniel and McAllister, Liam},
  title = {{A Microscopic Limit on Gravitational Waves from D-brane Inflation}},
  journal = {Phys. Rev.},
  year = {2007},
  volume = {D75},
  pages = {123508},
  archiveprefix = {arXiv},
  doi = {10.1103/PhysRevD.75.123508},
  eprint = {hep-th/0610285},
  file = {ArXiv pdf:http\://arxiv.org/pdf/hep-th/0610285:PDF},
  owner = {ith},
  slaccitation = {%%CITATION = HEP-TH/0610285;%%},
  timestamp = {2008.03.06}
}

@ARTICLE{Baumann:2008aq,
  author = {Baumann, Daniel and others},
  title = {{CMBPol Mission Concept Study: Probing Inflation with CMB Polarization}},
  journal = {AIP Conf. Proc.},
  year = {2009},
  volume = {1141},
  pages = {10-120},
  archiveprefix = {arXiv},
  collaboration = {CMBPol Study Team},
  doi = {10.1063/1.3160885},
  eprint = {0811.3919},
  owner = {ian},
  primaryclass = {astro-ph},
  slaccitation = {%%CITATION = 0811.3919;%%},
  timestamp = {2009.09.18}
}

@ARTICLE{Bean:2007eh,
  author = {Bean, Rachel and Chen, Xingang and Peiris, Hiranya and Xu, Jiajun},
  title = {{Comparing Infrared Dirac-Born-Infeld Brane Inflation to Observations}},
  journal = {Phys. Rev.},
  year = {2008},
  volume = {D77},
  pages = {023527},
  archiveprefix = {arXiv},
  doi = {10.1103/PhysRevD.77.023527},
  eprint = {0710.1812},
  file = {ArXiv pdf:http\://arxiv.org/pdf/0710.1812:PDF},
  owner = {ith},
  primaryclass = {hep-th},
  slaccitation = {%%CITATION = 0710.1812;%%},
  timestamp = {2008.03.06}
}

@ARTICLE{Bean:2008ga,
  author = {Bean, Rachel and Chung, Daniel J. H. and Geshnizjani, Ghazal},
  title = {{Reconstructing a general inflationary action}},
  journal = {Phys. Rev.},
  year = {2008},
  volume = {D78},
  pages = {023517},
  archiveprefix = {arXiv},
  doi = {10.1103/PhysRevD.78.023517},
  eprint = {0801.0742},
  file = {ArXiv pdf:http\://arxiv.org/pdf/0801.0742:PDF},
  owner = {ith},
  primaryclass = {astro-ph},
  slaccitation = {%%CITATION = 0801.0742;%%},
  timestamp = {2008.03.06}
}

@ARTICLE{bean,
  author = {Bean, Rachel and Shandera, Sarah E. and Henry Tye, S. H. and Xu,
	Jiajun},
  title = {{Comparing Brane Inflation to WMAP}},
  journal = {JCAP},
  year = {2007},
  volume = {0705},
  pages = {004},
  archiveprefix = {arXiv},
  eprint = {hep-th/0702107},
  file = {ArXiv pdf:http\://arxiv.org/pdf/hep-th/0702107:PDF},
  owner = {ith},
  slaccitation = {%%CITATION = HEP-TH/0702107;%%},
  timestamp = {2008.03.06}
}

@ARTICLE{Becker:2007ui,
  author = {Becker, Melanie and Leblond, Louis and Shandera, Sarah E.},
  title = {{Inflation from Wrapped Branes}},
  journal = {Phys. Rev.},
  year = {2007},
  volume = {D76},
  pages = {123516},
  archiveprefix = {arXiv},
  doi = {10.1103/PhysRevD.76.123516},
  eprint = {0709.1170},
  file = {ArXiv pdf:http\://arxiv.org/pdf/0709.1170:PDF},
  owner = {ith},
  primaryclass = {hep-th},
  slaccitation = {%%CITATION = 0709.1170;%%},
  timestamp = {2008.03.06}
}

@ARTICLE{Bennett1996c,
  author = {Bennett, C. L. and others},
  title = {{4-Year COBE DMR Cosmic Microwave Background Observations: Maps and
	Basic Results}},
  journal = {Astrophys. J.},
  year = {1996},
  volume = {464},
  pages = {L1-L4},
  archiveprefix = {arXiv},
  eprint = {astro-ph/9601067},
  owner = {ian},
  slaccitation = {%%CITATION = ASTRO-PH/9601067;%%},
  timestamp = {2009.08.27}
}

@ARTICLE{Bennett1994,
  author = {Bennett, C. L. and others},
  title = {{Cosmic temperature fluctuations from two years of COBE differential
	microwave radiometers observations}},
  journal = {Astrophys. J.},
  year = {1994},
  volume = {436},
  pages = {423-442},
  archiveprefix = {arXiv},
  doi = {10.1086/174918},
  eprint = {astro-ph/9401012},
  owner = {ian},
  slaccitation = {%%CITATION = ASTRO-PH/9401012;%%},
  timestamp = {2009.08.27}
}

@ARTICLE{Bernardeau:2001qr,
  author = {Bernardeau, F. and Colombi, S. and Gaztanaga, E. and Scoccimarro,
	R.},
  title = {{Large-scale structure of the universe and cosmological perturbation
	theory}},
  journal = {Phys. Rept.},
  year = {2002},
  volume = {367},
  pages = {1-248},
  archiveprefix = {arXiv},
  doi = {10.1016/S0370-1573(02)00135-7},
  eprint = {astro-ph/0112551},
  file = {ArXiv pdf:http\://arxiv.org/pdf/astro-ph/0112551:PDF},
  owner = {ith},
  slaccitation = {%%CITATION = ASTRO-PH/0112551;%%},
  timestamp = {2009.05.06}
}

@ARTICLE{Bernardeau:2002jf,
  author = {Bernardeau, Francis and Uzan, Jean-Philippe},
  title = {{Inflationary models inducing non-Gaussian metric fluctuations}},
  journal = {Phys. Rev.},
  year = {2003},
  volume = {D67},
  pages = {121301},
  archiveprefix = {arXiv},
  doi = {10.1103/PhysRevD.67.121301},
  eprint = {astro-ph/0209330},
  owner = {ith},
  slaccitation = {%%CITATION = ASTRO-PH/0209330;%%},
  timestamp = {2009.06.26}
}

@ARTICLE{Bernardeau:2002jy,
  author = {Bernardeau, Francis and Uzan, Jean-Philippe},
  title = {{Non-Gaussianity in multi-field inflation}},
  journal = {Phys. Rev.},
  year = {2002},
  volume = {D66},
  pages = {103506},
  archiveprefix = {arXiv},
  doi = {10.1103/PhysRevD.66.103506},
  eprint = {hep-ph/0207295},
  owner = {ith},
  slaccitation = {%%CITATION = HEP-PH/0207295;%%},
  timestamp = {2009.06.26}
}

@ARTICLE{Berndsen:2009ww,
  author = {Berndsen, Aaron and Lidsey, James. E. and Ward, John},
  title = {{Non-relativistic Matrix Inflation}},
  year = {2009},
  archiveprefix = {arXiv},
  eprint = {0908.4252},
  owner = {ian},
  primaryclass = {hep-th},
  slaccitation = {%%CITATION = 0908.4252;%%},
  timestamp = {2009.09.17}
}

@ARTICLE{Bessada:2009ns,
  author = {Bessada, Dennis and Kinney, William H. and Stojkovic, Dejan and Wang,
	John},
  title = {{Tachyacoustic Cosmology: An Alternative to Inflation}},
  year = {2009},
  archiveprefix = {arXiv},
  eprint = {0908.3898},
  owner = {ian},
  primaryclass = {astro-ph.CO},
  slaccitation = {%%CITATION = 0908.3898;%%},
  timestamp = {2009.09.17}
}

@ARTICLE{Bessada:2009pe,
  author = {Bessada, Dennis and Kinney, William H. and Tzirakis, Konstantinos},
  title = {{Inflationary potentials in DBI models}},
  journal = {JCAP},
  year = {2009},
  volume = {0909},
  pages = {031},
  archiveprefix = {arXiv},
  doi = {10.1088/1475-7516/2009/09/031},
  eprint = {0907.1311},
  owner = {ith},
  primaryclass = {gr-qc},
  slaccitation = {%%CITATION = 0907.1311;%%},
  timestamp = {2009.07.16}
}

@ARTICLE{Bird:2009pq,
  author = {Bird, Simeon and Peiris, Hiranya V. and Baumann, Daniel},
  title = {{Brane Inflation and the Overshoot Problem}},
  journal = {Phys. Rev.},
  year = {2009},
  volume = {D80},
  pages = {023534},
  archiveprefix = {arXiv},
  doi = {10.1103/PhysRevD.80.023534},
  eprint = {0905.2412},
  file = {ArXiv pdf:http\://arxiv.org/pdf/0905.2412:PDF},
  owner = {ith},
  primaryclass = {hep-th},
  slaccitation = {%%CITATION = 0905.2412;%%},
  timestamp = {2009.05.20}
}

@ARTICLE{Bird:2008cp,
  author = {Bird, Simeon and Peiris, Hiranya V. and Easther, Richard},
  title = {{Fine-tuning criteria for inflation and the search for primordial
	gravitational waves}},
  journal = {Phys. Rev.},
  year = {2008},
  volume = {D78},
  pages = {083518},
  archiveprefix = {arXiv},
  eprint = {0807.3745},
  file = {ArXiv pdf:http\://arxiv.org/pdf/0807.3745:PDF},
  owner = {ith},
  primaryclass = {astro-ph},
  slaccitation = {%%CITATION = 0807.3745;%%},
  timestamp = {2008.08.04}
}

@ARTICLE{Bojowald:2008ma,
  author = {Bojowald, Martin and Tavakol, Reza},
  title = {{Loop Quantum Cosmology: Effective theories and oscillating universes}},
  year = {2008},
  archiveprefix = {arXiv},
  eprint = {0802.4274},
  file = {ArXiv pdf:http\://arxiv.org/pdf/0802.4274:PDF},
  keywords = {printed},
  owner = {ith},
  primaryclass = {gr-qc},
  slaccitation = {%%CITATION = 0802.4274;%%},
  timestamp = {2008.03.11}
}

@ARTICLE{Boubekeur:2005fj,
  author = {Boubekeur, Lotfi and Lyth, David. H.},
  title = {{Detecting a small perturbation through its non-Gaussianity}},
  journal = {Phys. Rev.},
  year = {2006},
  volume = {D73},
  pages = {021301},
  archiveprefix = {arXiv},
  doi = {10.1103/PhysRevD.73.021301},
  eprint = {astro-ph/0504046},
  file = {ArXiv pdf:http\://arxiv.org/pdf/astro-ph/0504046:PDF},
  owner = {ith},
  slaccitation = {%%CITATION = ASTRO-PH/0504046;%%},
  timestamp = {2008.11.13}
}

@ARTICLE{Brax:2007tk,
  author = {Brax, Ph. and Vandebruck, C. and Davis, A. C.},
  title = {{A Chameleon Primer}},
  year = {2007},
  archiveprefix = {arXiv},
  eprint = {0706.1024},
  file = {ArXiv pdf:http\://arxiv.org/pdf/0706.1024:PDF},
  keywords = {toread, printed},
  owner = {ith},
  primaryclass = {astro-ph},
  slaccitation = {%%CITATION = 0706.1024;%%},
  timestamp = {2008.03.12}
}

@ARTICLE{Brodie:2003qv,
  author = {Brodie, John H. and Easson, Damien A.},
  title = {{Brane inflation and reheating}},
  journal = {JCAP},
  year = {2003},
  volume = {0312},
  pages = {004},
  archiveprefix = {arXiv},
  doi = {10.1088/1475-7516/2003/12/004},
  eprint = {hep-th/0301138},
  file = {ArXiv pdf:http\://arxiv.org/pdf/hep-th/0301138:PDF},
  owner = {ith},
  slaccitation = {%%CITATION = HEP-TH/0301138;%%},
  timestamp = {2008.03.06}
}

@ARTICLE{Brummer2006,
  author = {Brummer, Felix and Hebecker, Arthur and Trincherini, Enrico},
  title = {{The throat as a Randall-Sundrum model with Goldberger-Wise stabilization}},
  journal = {Nucl. Phys.},
  year = {2006},
  volume = {B738},
  pages = {283-305},
  archiveprefix = {arXiv},
  doi = {10.1016/j.nuclphysb.2006.01.011},
  eprint = {hep-th/0510113},
  owner = {ian},
  slaccitation = {%%CITATION = HEP-TH/0510113;%%},
  timestamp = {2009.08.05}
}

@ARTICLE{Bruni:1996im,
  author = {Bruni, Marco and Matarrese, Sabino and Mollerach, Silvia and Sonego,
	Sebastiano},
  title = {{Perturbations of spacetime: Gauge transformations and gauge invariance
	at second order and beyond}},
  journal = {Class. Quant. Grav.},
  year = {1997},
  volume = {14},
  pages = {2585-2606},
  archiveprefix = {arXiv},
  doi = {10.1088/0264-9381/14/9/014},
  eprint = {gr-qc/9609040},
  owner = {ith},
  slaccitation = {%%CITATION = GR-QC/9609040;%%},
  timestamp = {2009.06.26}
}

@ARTICLE{Buchel:2006em,
  author = {Buchel, Alex},
  title = {{Inflation on the resolved warped deformed conifold}},
  journal = {Phys. Rev.},
  year = {2006},
  volume = {D74},
  pages = {046009},
  archiveprefix = {arXiv},
  doi = {10.1103/PhysRevD.74.046009},
  eprint = {hep-th/0601013},
  file = {ArXiv pdf:http\://arxiv.org/pdf/hep-th/0601013:PDF},
  owner = {ith},
  slaccitation = {%%CITATION = HEP-TH/0601013;%%},
  timestamp = {2008.12.04}
}

@ARTICLE{Burgess:2008ir,
  author = {Burgess, C. P. and Cline, James M. and Postma, M.},
  title = {{Axionic D3-D7 Inflation}},
  journal = {JHEP},
  year = {2009},
  volume = {03},
  pages = {058},
  archiveprefix = {arXiv},
  doi = {10.1088/1126-6708/2009/03/058},
  eprint = {0811.1503},
  file = {ArXiv pdf:http\://arxiv.org/pdf/0811.1503:PDF},
  owner = {ith},
  primaryclass = {hep-th},
  slaccitation = {%%CITATION = 0811.1503;%%},
  timestamp = {2009.03.03}
}

@ARTICLE{brane9,
  author = {Burgess, C. P. and Cline, James M. and Stoica, H. and Quevedo, F.},
  title = {{Inflation in realistic D-brane models}},
  journal = {JHEP},
  year = {2004},
  volume = {09},
  pages = {033},
  archiveprefix = {arXiv},
  doi = {10.1088/1126-6708/2004/09/033},
  eprint = {hep-th/0403119},
  file = {ArXiv pdf:http\://arxiv.org/pdf/hep-th/0403119:PDF},
  owner = {ith},
  slaccitation = {%%CITATION = HEP-TH/0403119;%%},
  timestamp = {2008.03.06}
}

@ARTICLE{brane3,
  author = {Clifford P. Burgess and Mahbub Majumdar and Detlef Nolte and Fernando
	Quevedo and Govindan Rajesh and Ren-Jie Zhang},
  title = {{The Inflationary Brane-Antibrane Universe}},
  journal = {JHEP},
  year = {2001},
  volume = {07},
  pages = {047},
  archiveprefix = {arXiv},
  eprint = {hep-th/0105204},
  file = {ArXiv pdf:http\://arxiv.org/pdf/hep-th/0105204:PDF},
  owner = {ith},
  slaccitation = {%%CITATION = HEP-TH/0105204;%%},
  timestamp = {2008.03.06}
}

@ARTICLE{Butcher:2008vc,
  author = {Butcher, Neil A. and Saffin, Paul M.},
  title = {{The evolution of conifolds}},
  journal = {JHEP},
  year = {2008},
  volume = {12},
  pages = {012},
  archiveprefix = {arXiv},
  doi = {10.1088/1126-6708/2008/12/012},
  eprint = {0809.1354},
  file = {ArXiv pdf:http\://arxiv.org/pdf/0809.1354:PDF},
  owner = {ith},
  primaryclass = {hep-th},
  slaccitation = {%%CITATION = 0809.1354;%%},
  timestamp = {2008.12.04}
}

@ARTICLE{Butti:2004pk,
  author = {Butti, Agostino and Grana, Mariana and Minasian, Ruben and Petrini,
	Michela and Zaffaroni, Alberto},
  title = {{The baryonic branch of Klebanov-Strassler solution: A supersymmetric
	family of SU(3) structure backgrounds}},
  journal = {JHEP},
  year = {2005},
  volume = {03},
  pages = {069},
  archiveprefix = {arXiv},
  doi = {10.1088/1126-6708/2005/03/069},
  eprint = {hep-th/0412187},
  owner = {ian},
  slaccitation = {%%CITATION = HEP-TH/0412187;%%},
  timestamp = {2009.10.31}
}

@ARTICLE{Cai:2009hw,
  author = {Cai, Yi-Fu and Xia, Hai-Ying},
  title = {{Inflation with multiple sound speeds: a model of multiple DBI type
	actions and non-Gaussianities}},
  journal = {Phys. Lett.},
  year = {2009},
  volume = {B677},
  pages = {226-234},
  archiveprefix = {arXiv},
  doi = {10.1016/j.physletb.2009.05.047},
  eprint = {0904.0062},
  owner = {ian},
  primaryclass = {hep-th},
  slaccitation = {%%CITATION = 0904.0062;%%},
  timestamp = {2009.09.17}
}

@ARTICLE{Cai:2008if,
  author = {Cai, Yi-Fu and Xue, Wei},
  title = {{N-flation from multiple DBI type actions}},
  journal = {Phys. Lett.},
  year = {2009},
  volume = {B680},
  pages = {395-398},
  archiveprefix = {arXiv},
  doi = {10.1016/j.physletb.2009.09.043},
  eprint = {0809.4134},
  file = {ArXiv pdf:http\://arxiv.org/pdf/0809.4134:PDF},
  owner = {ith},
  primaryclass = {hep-th},
  slaccitation = {%%CITATION = 0809.4134;%%},
  timestamp = {2009.02.27}
}

@ARTICLE{Calcagni:2007ru,
  author = {Calcagni, Gianluca and Montobbio, Michele and Nardelli, Giuseppe},
  title = {{Route to nonlocal cosmology}},
  journal = {Phys. Rev.},
  year = {2007},
  volume = {D76},
  pages = {126001},
  archiveprefix = {arXiv},
  doi = {10.1103/PhysRevD.76.126001},
  eprint = {0705.3043},
  owner = {ian},
  primaryclass = {hep-th},
  slaccitation = {%%CITATION = 0705.3043;%%},
  timestamp = {2009.09.17}
}

@ARTICLE{Callin:2006qx,
  author = {Callin, Petter},
  title = {{How to calculate the CMB spectrum}},
  year = {2006},
  archiveprefix = {arXiv},
  eprint = {astro-ph/0606683},
  file = {ArXiv pdf:http\://arxiv.org/pdf/astro-ph/0606683:PDF},
  owner = {ith},
  slaccitation = {%%CITATION = ASTRO-PH/0606683;%%},
  timestamp = {2009.04.16}
}

@ARTICLE{Carlson:2009it,
  author = {Carlson, Jordan and White, Martin and Padmanabhan, Nikhil},
  title = {{A critical look at cosmological perturbation theory techniques}},
  journal = {Phys. Rev.},
  year = {2009},
  volume = {D80},
  pages = {043531},
  archiveprefix = {arXiv},
  doi = {10.1103/PhysRevD.80.043531},
  eprint = {0905.0479},
  file = {ArXiv pdf:http\://arxiv.org/pdf/0905.0479:PDF},
  owner = {ith},
  primaryclass = {astro-ph.CO},
  slaccitation = {%%CITATION = 0905.0479;%%},
  timestamp = {2009.05.06}
}

@ARTICLE{Chen:2008au,
  author = {Chen, Fang and Firouzjahi, Hassan},
  title = {{Dynamics of D3-D7 Brane Inflation in Throats}},
  journal = {JHEP},
  year = {2008},
  volume = {11},
  pages = {017},
  archiveprefix = {arXiv},
  doi = {10.1088/1126-6708/2008/11/017},
  eprint = {0807.2817},
  file = {ArXiv pdf:http\://arxiv.org/pdf/0807.2817:PDF},
  owner = {ith},
  primaryclass = {hep-th},
  slaccitation = {%%CITATION = 0807.2817;%%},
  timestamp = {2008.08.04}
}

@ARTICLE{Chen:2008ai,
  author = {Chen, Heng-Yu and Gong, Jinn-Ouk},
  title = {{Towards a warped inflationary brane scanning}},
  journal = {Phys. Rev.},
  year = {2009},
  volume = {D80},
  pages = {063507},
  archiveprefix = {arXiv},
  doi = {10.1103/PhysRevD.80.063507},
  eprint = {0812.4649},
  file = {ArXiv pdf:http\://arxiv.org/pdf/0812.4649:PDF},
  owner = {ith},
  primaryclass = {hep-th},
  slaccitation = {%%CITATION = 0812.4649;%%},
  timestamp = {2009.01.05}
}

@ARTICLE{Chen:2008ada,
  author = {Chen, Heng-Yu and Gong, Jinn-Ouk and Shiu, Gary},
  title = {{Systematics of multi-field effects at the end of warped brane inflation}},
  journal = {JHEP},
  year = {2008},
  volume = {09},
  pages = {011},
  archiveprefix = {arXiv},
  doi = {10.1088/1126-6708/2008/09/011},
  eprint = {0807.1927},
  file = {ArXiv pdf:http\://arxiv.org/pdf/0807.1927:PDF},
  owner = {ith},
  primaryclass = {hep-th},
  slaccitation = {%%CITATION = 0807.1927;%%},
  timestamp = {2009.02.27}
}

@ARTICLE{Chen:2008hz,
  author = {Chen, Xingang},
  title = {{Fine-Tuning in DBI Inflationary Mechanism}},
  journal = {JCAP},
  year = {2008},
  volume = {0812},
  pages = {009},
  archiveprefix = {arXiv},
  doi = {10.1088/1475-7516/2008/12/009},
  eprint = {0807.3191},
  file = {ArXiv pdf:http\://arxiv.org/pdf/0807.3191:PDF},
  owner = {ith},
  primaryclass = {hep-th},
  slaccitation = {%%CITATION = 0807.3191;%%},
  timestamp = {2009.02.27}
}

@ARTICLE{brane12,
  author = {Chen, Xingang},
  title = {{Multi-throat brane inflation}},
  journal = {Phys. Rev.},
  year = {2005},
  volume = {D71},
  pages = {063506},
  archiveprefix = {arXiv},
  doi = {10.1103/PhysRevD.71.063506},
  eprint = {hep-th/0408084},
  file = {ArXiv pdf:http\://arxiv.org/pdf/hep-th/0408084:PDF},
  owner = {ith},
  slaccitation = {%%CITATION = HEP-TH/0408084;%%},
  timestamp = {2008.03.06}
}

@ARTICLE{brane13,
  author = {Chen, Xingang},
  title = {{Inflation from warped space}},
  journal = {JHEP},
  year = {2005},
  volume = {08},
  pages = {045},
  archiveprefix = {arXiv},
  eprint = {hep-th/0501184},
  file = {ArXiv pdf:http\://arxiv.org/pdf/hep-th/0501184:PDF},
  owner = {ith},
  slaccitation = {%%CITATION = HEP-TH/0501184;%%},
  timestamp = {2008.03.06}
}

@ARTICLE{brane14,
  author = {Chen, Xingang},
  title = {{Running Non-Gaussianities in DBI Inflation}},
  journal = {Phys. Rev.},
  year = {2005},
  volume = {D72},
  pages = {123518},
  archiveprefix = {arXiv},
  doi = {10.1103/PhysRevD.72.123518},
  eprint = {astro-ph/0507053},
  file = {ArXiv pdf:http\://arxiv.org/pdf/astro-ph/0507053:PDF},
  owner = {ith},
  slaccitation = {%%CITATION = ASTRO-PH/0507053;%%},
  timestamp = {2008.03.06}
}

@ARTICLE{chenetal,
  author = {Chen, Xingang and Huang, {Min-xin} and Kachru, Shamit and Shiu, Gary},
  title = {{Observational signatures and non-Gaussianities of general single
	field inflation}},
  journal = {JCAP},
  year = {2007},
  volume = {0701},
  pages = {002},
  archiveprefix = {arXiv},
  eprint = {hep-th/0605045},
  file = {ArXiv pdf:http\://arxiv.org/pdf/hep-th/0605045:PDF},
  owner = {ith},
  slaccitation = {%%CITATION = HEP-TH/0605045;%%},
  timestamp = {2008.03.06}
}

@ARTICLE{brane19,
  author = {Chen, Xingang and Tye, S. -H. Henry},
  title = {{Heating in brane inflation and hidden dark matter}},
  journal = {JCAP},
  year = {2006},
  volume = {0606},
  pages = {011},
  archiveprefix = {arXiv},
  eprint = {hep-th/0602136},
  file = {ArXiv pdf:http\://arxiv.org/pdf/hep-th/0602136:PDF},
  owner = {ith},
  slaccitation = {%%CITATION = HEP-TH/0602136;%%},
  timestamp = {2008.03.06}
}

@ARTICLE{Cheung:2007st,
  author = {Cheung, Clifford and Creminelli, Paolo and Fitzpatrick, A. Liam and
	Kaplan, Jared and Senatore, Leonardo},
  title = {{The Effective Field Theory of Inflation}},
  journal = {JHEP},
  year = {2008},
  volume = {03},
  pages = {014},
  archiveprefix = {arXiv},
  doi = {10.1088/1126-6708/2008/03/014},
  eprint = {0709.0293},
  file = {ArXiv pdf:http\://arxiv.org/pdf/0709.0293:PDF},
  keywords = {printed, toread},
  owner = {ith},
  primaryclass = {hep-th},
  slaccitation = {%%CITATION = 0709.0293;%%},
  timestamp = {2008.03.11}
}

@ARTICLE{Cheung:2007sv,
  author = {Cheung, Clifford and Fitzpatrick, A. Liam and Kaplan, Jared and Senatore,
	Leonardo},
  title = {{On the consistency relation of the 3-point function in single field
	inflation}},
  journal = {JCAP},
  year = {2008},
  volume = {0802},
  pages = {021},
  archiveprefix = {arXiv},
  doi = {10.1088/1475-7516/2008/02/021},
  eprint = {0709.0295},
  keywords = {toread},
  owner = {ith},
  primaryclass = {hep-th},
  slaccitation = {%%CITATION = 0709.0295;%%},
  timestamp = {2009.06.08}
}

@ARTICLE{brane17,
  author = {Chialva, Diego and Shiu, Gary and Underwood, Bret},
  title = {{Warped reheating in multi-throat brane inflation}},
  journal = {JHEP},
  year = {2006},
  volume = {01},
  pages = {014},
  archiveprefix = {arXiv},
  eprint = {hep-th/0508229},
  file = {ArXiv pdf:http\://arxiv.org/pdf/hep-th/0508229:PDF},
  owner = {ith},
  slaccitation = {%%CITATION = HEP-TH/0508229;%%},
  timestamp = {2008.03.06}
}

@ARTICLE{Chiang:2009xs,
  author = {Chiang, H. C. and others},
  title = {{Measurement of CMB Polarization Power Spectra from Two Years of
	BICEP Data}},
  year = {2009},
  archiveprefix = {arXiv},
  eprint = {0906.1181},
  keywords = {printed},
  owner = {ith},
  primaryclass = {astro-ph.CO},
  slaccitation = {%%CITATION = 0906.1181;%%},
  timestamp = {2009.06.19}
}

@ARTICLE{Christopherson:2008ry,
  author = {Christopherson, Adam J. and Malik, Karim A.},
  title = {{The non-adiabatic pressure in general scalar field systems}},
  journal = {Phys. Lett.},
  year = {2009},
  volume = {B675},
  pages = {159-163},
  archiveprefix = {arXiv},
  eprint = {0809.3518},
  file = {ArXiv pdf:http\://arxiv.org/pdf/0809.3518:PDF},
  owner = {ith},
  primaryclass = {astro-ph},
  slaccitation = {%%CITATION = 0809.3518;%%},
  timestamp = {2009.01.13}
}

@ARTICLE{Cicoli:2008gp,
  author = {Cicoli, M. and Burgess, C. P. and Quevedo, F.},
  title = {{Fibre Inflation: Observable Gravity Waves from IIB String Compactifications}},
  journal = {JCAP},
  year = {2009},
  volume = {0903},
  pages = {013},
  archiveprefix = {arXiv},
  doi = {10.1088/1475-7516/2009/03/013},
  eprint = {0808.0691},
  file = {ArXiv pdf:http\://arxiv.org/pdf/0808.0691:PDF},
  owner = {ith},
  primaryclass = {hep-th},
  slaccitation = {%%CITATION = 0808.0691;%%},
  timestamp = {2008.08.06}
}

@ARTICLE{cline,
  author = {Cline, James M.},
  title = {{String cosmology}},
  year = {2006},
  archiveprefix = {arXiv},
  eprint = {hep-th/0612129},
  file = {ArXiv pdf:http\://arxiv.org/pdf/hep-th/0612129:PDF},
  owner = {ith},
  slaccitation = {%%CITATION = HEP-TH/0612129;%%},
  timestamp = {2008.03.06}
}

@ARTICLE{Cline:2009pu,
  author = {Cline, James M. and Hoi, Loison and Underwood, Bret},
  title = {{Dynamical Fine Tuning in Brane Inflation}},
  journal = {JHEP},
  year = {2009},
  volume = {06},
  pages = {078},
  archiveprefix = {arXiv},
  doi = {10.1088/1126-6708/2009/06/078},
  eprint = {0902.0339},
  file = {ArXiv pdf:http\://arxiv.org/pdf/0902.0339:PDF},
  owner = {ith},
  primaryclass = {hep-th},
  slaccitation = {%%CITATION = 0902.0339;%%},
  timestamp = {2009.02.27}
}

@ARTICLE{brane15,
  author = {Cline, James M. and Stoica, Horace},
  title = {{Multibrane inflation and dynamical flattening of the inflaton potential}},
  journal = {Phys. Rev.},
  year = {2005},
  volume = {D72},
  pages = {126004},
  archiveprefix = {arXiv},
  doi = {10.1103/PhysRevD.72.126004},
  eprint = {hep-th/0508029},
  file = {ArXiv pdf:http\://arxiv.org/pdf/hep-th/0508029:PDF},
  owner = {ith},
  slaccitation = {%%CITATION = HEP-TH/0508029;%%},
  timestamp = {2008.03.06}
}

@ARTICLE{Colless:2001gk,
  author = {Colless, Matthew and others},
  title = {{The 2dF Galaxy Redshift Survey: Spectra and redshifts}},
  journal = {Mon. Not. Roy. Astron. Soc.},
  year = {2001},
  volume = {328},
  pages = {1039},
  archiveprefix = {arXiv},
  collaboration = {The 2DFGRS},
  doi = {10.1046/j.1365-8711.2001.04902.x},
  eprint = {astro-ph/0106498},
  owner = {ian},
  slaccitation = {%%CITATION = ASTRO-PH/0106498;%%},
  timestamp = {2009.08.31}
}

@ARTICLE{Contaldi:2008hr,
  author = {Contaldi, Carlo R. and Nicholson, Gavin and Stoica, Horace},
  title = {{Small cosmological signatures from multi-brane models}},
  year = {2008},
  archiveprefix = {arXiv},
  eprint = {0807.2331},
  file = {ArXiv pdf:http\://arxiv.org/pdf/0807.2331:PDF},
  keywords = {toread},
  owner = {ith},
  primaryclass = {hep-th},
  slaccitation = {%%CITATION = 0807.2331;%%},
  timestamp = {2008.07.17}
}

@ARTICLE{Cooray:2008xz,
  author = {Cooray, Asantha and Sarkar, Devdeep and Serra, Paolo},
  title = {{Weak Lensing of the Primary CMB Bispectrum}},
  journal = {Phys. Rev.},
  year = {2008},
  volume = {D77},
  pages = {123006},
  archiveprefix = {arXiv},
  doi = {10.1103/PhysRevD.77.123006},
  eprint = {0803.4194},
  file = {ArXiv pdf:http\://arxiv.org/pdf/0803.4194:PDF},
  owner = {ith},
  primaryclass = {astro-ph},
  slaccitation = {%%CITATION = 0803.4194;%%},
  timestamp = {2008.04.02}
}

@ARTICLE{Copeland:1993jj,
  author = {Copeland, Edmund J. and Kolb, Edward W. and Liddle, Andrew R. and
	Lidsey, James E.},
  title = {{Reconstructing the inflation potential, in principle and in practice}},
  journal = {Phys. Rev.},
  year = {1993},
  volume = {D48},
  pages = {2529-2547},
  archiveprefix = {arXiv},
  doi = {10.1103/PhysRevD.48.2529},
  eprint = {hep-ph/9303288},
  file = {ArXiv pdf:http\://arxiv.org/pdf/hep-ph/9303288:PDF},
  owner = {ith},
  slaccitation = {%%CITATION = HEP-PH/9303288;%%},
  timestamp = {2008.03.06}
}

@ARTICLE{crim,
  author = {Creminelli, Paolo and Senatore, Leonardo and Zaldarriaga, Matias
	and Tegmark, Max},
  title = {{Limits on $\fnl$ parameters from WMAP 3yr data}},
  journal = {JCAP},
  year = {2007},
  volume = {0703},
  pages = {005},
  archiveprefix = {arXiv},
  eprint = {astro-ph/0610600},
  file = {ArXiv pdf:http\://arxiv.org/pdf/astro-ph/0610600:PDF},
  owner = {ith},
  slaccitation = {%%CITATION = ASTRO-PH/0610600;%%},
  timestamp = {2008.03.06}
}

@ARTICLE{sethi,
  author = {Dasgupta, Keshav and Rajesh, Govindan and Sethi, Savdeep},
  title = {{M theory, orientifolds and G-flux}},
  journal = {JHEP},
  year = {1999},
  volume = {08},
  pages = {023},
  archiveprefix = {arXiv},
  eprint = {hep-th/9908088},
  file = {ArXiv pdf:http\://arxiv.org/pdf/hep-th/9908088:PDF},
  owner = {ith},
  slaccitation = {%%CITATION = HEP-TH/9908088;%%},
  timestamp = {2008.03.06}
}

@ARTICLE{Davis:2008dj,
  author = {Davis, Anne-Christine and Brax, Philippe and van de Bruck, Carsten},
  title = {{Brane Inflation and Defect Formation}},
  journal = {Phil. Trans. Roy. Soc. Lond.},
  year = {2008},
  volume = {A366},
  pages = {2833-2842},
  archiveprefix = {arXiv},
  doi = {10.1098/rsta.2008.0065},
  eprint = {0803.0424},
  file = {ArXiv pdf:http\://arxiv.org/pdf/0803.0424:PDF},
  keywords = {toread, printed},
  owner = {ith},
  primaryclass = {hep-th},
  slaccitation = {%%CITATION = 0803.0424;%%},
  timestamp = {2008.03.12}
}

@ARTICLE{DeWolfe:2004qx,
  author = {DeWolfe, Oliver and Kachru, Shamit and Verlinde, Herman L.},
  title = {{The giant inflaton}},
  journal = {JHEP},
  year = {2004},
  volume = {05},
  pages = {017},
  archiveprefix = {arXiv},
  eprint = {hep-th/0403123},
  file = {ArXiv pdf:http\://arxiv.org/pdf/hep-th/0403123:PDF},
  owner = {ith},
  slaccitation = {%%CITATION = HEP-TH/0403123;%%},
  timestamp = {2008.03.06}
}

@ARTICLE{Dickinson2004,
  author = {Dickinson, Clive and others},
  title = {{High sensitivity measurements of the CMB power spectrum with the
	extended Very Small Array}},
  journal = {Mon. Not. Roy. Astron. Soc.},
  year = {2004},
  volume = {353},
  pages = {732},
  archiveprefix = {arXiv},
  doi = {10.1111/j.1365-2966.2004.08206.x},
  eprint = {astro-ph/0402498},
  owner = {ian},
  slaccitation = {%%CITATION = ASTRO-PH/0402498;%%},
  timestamp = {2009.08.27}
}

@BOOK{book:dodelson,
  title = {Modern Cosmology},
  publisher = {{Academic Press}},
  year = {2003},
  author = {Dodelson, Scott},
  month = {March},
  comment = {Very good overview of current thinking.},
  howpublished = {Hardcover},
  isbn = {0122191412},
  keywords = {cosmology inflation introduction},
  owner = {ith},
  priority = {0},
  timestamp = {2008.03.06}
}

@ARTICLE{Doran:2003sy,
  author = {Doran, Michael},
  title = {{CMBEASY:: an Object Oriented Code for the Cosmic Microwave Background}},
  journal = {JCAP},
  year = {2005},
  volume = {0510},
  pages = {011},
  archiveprefix = {arXiv},
  doi = {10.1088/1475-7516/2005/10/011},
  eprint = {astro-ph/0302138},
  file = {ArXiv pdf:http\://arxiv.org/pdf/astro-ph/0302138:PDF},
  owner = {ith},
  slaccitation = {%%CITATION = ASTRO-PH/0302138;%%},
  timestamp = {2008.07.04}
}

@ARTICLE{douglas,
  author = {Douglas, Michael R. and Kachru, Shamit},
  title = {{Flux compactification}},
  journal = {Rev. Mod. Phys.},
  year = {2007},
  volume = {79},
  pages = {733-796},
  archiveprefix = {arXiv},
  doi = {10.1103/RevModPhys.79.733},
  eprint = {hep-th/0610102},
  file = {ArXiv pdf:http\://arxiv.org/pdf/hep-th/0610102:PDF},
  owner = {ith},
  slaccitation = {%%CITATION = HEP-TH/0610102;%%},
  timestamp = {2008.03.06}
}

@ARTICLE{Dunkley:2008ie,
  author = {Dunkley, J. and others},
  title = {{Five-Year Wilkinson Microwave Anisotropy Probe (WMAP) Observations:
	Likelihoods and Parameters from the WMAP data}},
  journal = {Astrophys. J. Suppl.},
  year = {2009},
  volume = {180},
  pages = {306-329},
  archiveprefix = {arXiv},
  collaboration = {WMAP},
  doi = {10.1088/0067-0049/180/2/306},
  eprint = {0803.0586},
  file = {ArXiv pdf:http\://arxiv.org/pdf/0803.0586:PDF},
  owner = {ith},
  primaryclass = {astro-ph},
  slaccitation = {%%CITATION = 0803.0586;%%},
  timestamp = {2008.03.17}
}

@ARTICLE{brane2,
  author = {Dvali, G. R. and Shafi, Q. and Solganik, S.},
  title = {{D-brane inflation}},
  year = {2001},
  archiveprefix = {arXiv},
  eprint = {hep-th/0105203},
  file = {ArXiv pdf:http\://arxiv.org/pdf/hep-th/0105203:PDF},
  owner = {ith},
  slaccitation = {%%CITATION = HEP-TH/0105203;%%},
  timestamp = {2008.03.06}
}

@ARTICLE{brane1,
  author = {Dvali, G. R. and Tye, S. H. Henry},
  title = {{Brane inflation}},
  journal = {Phys. Lett.},
  year = {1999},
  volume = {B450},
  pages = {72-82},
  archiveprefix = {arXiv},
  doi = {10.1016/S0370-2693(99)00132-X},
  eprint = {hep-ph/9812483},
  file = {ArXiv pdf:http\://arxiv.org/pdf/hep-ph/9812483:PDF},
  owner = {ith},
  slaccitation = {%%CITATION = HEP-PH/9812483;%%},
  timestamp = {2008.03.06}
}

@ARTICLE{Easson:2009kk,
  author = {Easson, Damien A. and Gregory, Ruth},
  title = {{Circumventing the eta problem}},
  journal = {Phys. Rev.},
  year = {2009},
  volume = {D80},
  pages = {083518},
  archiveprefix = {arXiv},
  doi = {10.1103/PhysRevD.80.083518},
  eprint = {0902.1798},
  file = {ArXiv pdf:http\://arxiv.org/pdf/0902.1798:PDF},
  owner = {ith},
  primaryclass = {hep-th},
  slaccitation = {%%CITATION = 0902.1798;%%},
  timestamp = {2009.02.27}
}

@ARTICLE{spinflation,
  author = {Easson, Damien A. and Gregory, Ruth and Mota, David F. and Tasinato,
	Gianmassimo and Zavala, I.},
  title = {{Spinflation}},
  journal = {JCAP},
  year = {2008},
  volume = {0802},
  pages = {010},
  archiveprefix = {arXiv},
  doi = {10.1088/1475-7516/2008/02/010},
  eprint = {0709.2666},
  file = {ArXiv pdf:http\://arxiv.org/pdf/0709.2666:PDF},
  owner = {ith},
  primaryclass = {hep-th},
  slaccitation = {%%CITATION = 0709.2666;%%},
  timestamp = {2008.03.06}
}

@ARTICLE{Efstathiou:2008ed,
  author = {Efstathiou, G.},
  title = {{Limitations of Bayesian Evidence Applied to Cosmology}},
  year = {2008},
  archiveprefix = {arXiv},
  eprint = {0802.3185},
  file = {ArXiv pdf:http\://arxiv.org/pdf/0802.3185:PDF},
  keywords = {printed},
  owner = {ith},
  primaryclass = {astro-ph},
  slaccitation = {%%CITATION = 0802.3185;%%},
  timestamp = {2008.03.11}
}

@ARTICLE{Enqvist:2004bk,
  author = {Enqvist, Kari and Vaihkonen, Antti},
  title = {{Non-Gaussian perturbations in hybrid inflation}},
  journal = {JCAP},
  year = {2004},
  volume = {0409},
  pages = {006},
  archiveprefix = {arXiv},
  doi = {10.1088/1475-7516/2004/09/006},
  eprint = {hep-ph/0405103},
  owner = {ith},
  slaccitation = {%%CITATION = HEP-PH/0405103;%%},
  timestamp = {2009.06.26}
}

@ARTICLE{Finelli:2006wk,
  author = {Finelli, F. and Marozzi, G. and Vacca, G. P. and Venturi, Giovanni},
  title = {{Second order gauge-invariant perturbations during inflation}},
  journal = {Phys. Rev.},
  year = {2006},
  volume = {D74},
  pages = {083522},
  archiveprefix = {arXiv},
  doi = {10.1103/PhysRevD.74.083522},
  eprint = {gr-qc/0604081},
  file = {ArXiv pdf:http\://arxiv.org/pdf/gr-qc/0604081:PDF},
  keywords = {printed, toread},
  owner = {ith},
  slaccitation = {%%CITATION = GR-QC/0604081;%%},
  timestamp = {2009.01.13}
}

@ARTICLE{Finelli:2003bp,
  author = {Finelli, F. and Marozzi, G. and Vacca, G. P. and Venturi, Giovanni},
  title = {{Energy-momentum tensor of cosmological fluctuations during inflation}},
  journal = {Phys. Rev.},
  year = {2004},
  volume = {D69},
  pages = {123508},
  archiveprefix = {arXiv},
  doi = {10.1103/PhysRevD.69.123508},
  eprint = {gr-qc/0310086},
  owner = {ith},
  slaccitation = {%%CITATION = GR-QC/0310086;%%},
  timestamp = {2009.06.26}
}

@ARTICLE{dual2,
  author = {Firouzjahi, Hassan},
  title = {{Dielectric (p,q) strings in a throat}},
  journal = {JHEP},
  year = {2006},
  volume = {12},
  pages = {031},
  archiveprefix = {arXiv},
  eprint = {hep-th/0610130},
  file = {ArXiv pdf:http\://arxiv.org/pdf/hep-th/0610130:PDF},
  owner = {ith},
  slaccitation = {%%CITATION = HEP-TH/0610130;%%},
  timestamp = {2008.03.06}
}

@ARTICLE{brane8,
  author = {Firouzjahi, Hassan and Tye, S. H. Henry},
  title = {{Closer towards inflation in string theory}},
  journal = {Phys. Lett.},
  year = {2004},
  volume = {B584},
  pages = {147-154},
  archiveprefix = {arXiv},
  doi = {10.1016/j.physletb.2004.01.022},
  eprint = {hep-th/0312020},
  file = {ArXiv pdf:http\://arxiv.org/pdf/hep-th/0312020:PDF},
  owner = {ith},
  slaccitation = {%%CITATION = HEP-TH/0312020;%%},
  timestamp = {2008.03.06}
}

@ARTICLE{Freedman2001,
  author = {Freedman, W. L. and others},
  title = {{Final Results from the Hubble Space Telescope Key Project to Measure
	the Hubble Constant}},
  journal = {Astrophys. J.},
  year = {2001},
  volume = {553},
  pages = {47-72},
  archiveprefix = {arXiv},
  collaboration = {HST},
  doi = {10.1086/320638},
  eprint = {astro-ph/0012376},
  owner = {ian},
  slaccitation = {%%CITATION = ASTRO-PH/0012376;%%},
  timestamp = {2009.08.27}
}

@ARTICLE{brane16,
  author = {Frey, Andrew R. and Mazumdar, Anupam and Myers, Robert C.},
  title = {{Stringy effects during inflation and reheating}},
  journal = {Phys. Rev.},
  year = {2006},
  volume = {D73},
  pages = {026003},
  archiveprefix = {arXiv},
  doi = {10.1103/PhysRevD.73.026003},
  eprint = {hep-th/0508139},
  file = {ArXiv pdf:http\://arxiv.org/pdf/hep-th/0508139:PDF},
  owner = {ith},
  slaccitation = {%%CITATION = HEP-TH/0508139;%%},
  timestamp = {2008.03.06}
}

@ARTICLE{Gao:2009gd,
  author = {Gao, Xian and Hu, Bin},
  title = {{Primordial Trispectrum from Entropy Perturbations in Multifield
	DBI Model}},
  journal = {JCAP},
  year = {2009},
  volume = {0908},
  pages = {012},
  archiveprefix = {arXiv},
  doi = {10.1088/1475-7516/2009/08/012},
  eprint = {0903.1920},
  file = {ArXiv pdf:http\://arxiv.org/pdf/0903.1920:PDF},
  owner = {ith},
  primaryclass = {astro-ph.CO},
  slaccitation = {%%CITATION = 0903.1920;%%},
  timestamp = {2009.03.16}
}

@ARTICLE{Gao:2009at,
  author = {Gao, Xian and Li, Miao and Lin, Chunshan},
  title = {{Primordial Non-Gaussianities from the Trispectra in Multiple Field
	Inflationary Models}},
  journal = {JCAP},
  year = {2009},
  volume = {0911},
  pages = {007},
  archiveprefix = {arXiv},
  doi = {10.1088/1475-7516/2009/11/007},
  eprint = {0906.1345},
  owner = {ith},
  primaryclass = {astro-ph.CO},
  slaccitation = {%%CITATION = 0906.1345;%%},
  timestamp = {2009.06.09}
}

@ARTICLE{GarciaBellido:2008nz,
  author = {Garcia-Bellido, Juan and Haugboelle, Troels},
  title = {{Confronting Lemaitre-Tolman-Bondi models with Observational Cosmology}},
  journal = {JCAP},
  year = {2008},
  volume = {0804},
  pages = {003},
  archiveprefix = {arXiv},
  doi = {10.1088/1475-7516/2008/04/003},
  eprint = {0802.1523},
  owner = {ian},
  primaryclass = {astro-ph},
  slaccitation = {%%CITATION = 0802.1523;%%},
  timestamp = {2009.08.31}
}

@ARTICLE{gm,
  author = {Garriga, Jaume and Mukhanov, Viatcheslav F.},
  title = {{Perturbations in k-inflation}},
  journal = {Phys. Lett.},
  year = {1999},
  volume = {B458},
  pages = {219-225},
  archiveprefix = {arXiv},
  doi = {10.1016/S0370-2693(99)00602-4},
  eprint = {hep-th/9904176},
  file = {ArXiv pdf:http\://arxiv.org/pdf/hep-th/9904176:PDF},
  owner = {ith},
  slaccitation = {%%CITATION = HEP-TH/9904176;%%},
  timestamp = {2008.03.06}
}

@ARTICLE{gauntlett,
  author = {Gauntlett, Jerome P. and Martelli, Dario and Sparks, James and Waldram,
	Daniel},
  title = {{Sasaki-Einstein metrics on $S(2)\times S(3)$}},
  journal = {Adv. Theor. Math. Phys.},
  year = {2004},
  volume = {8},
  pages = {711-734},
  archiveprefix = {arXiv},
  eprint = {hep-th/0403002},
  file = {ArXiv pdf:http\://arxiv.org/pdf/hep-th/0403002:PDF},
  owner = {ith},
  slaccitation = {%%CITATION = HEP-TH/0403002;%%},
  timestamp = {2008.03.06}
}

@ARTICLE{Gergely:2008fw,
  author = {Gergely, Laszlo A.},
  title = {{Friedmann branes with variable tension}},
  journal = {Phys. Rev.},
  year = {2008},
  volume = {D78},
  pages = {084006},
  archiveprefix = {arXiv},
  doi = {10.1103/PhysRevD.78.084006},
  eprint = {0806.3857},
  owner = {ian},
  primaryclass = {gr-qc},
  slaccitation = {%%CITATION = 0806.3857;%%},
  timestamp = {2009.09.17}
}

@ARTICLE{gkp,
  author = {Giddings, Steven B. and Kachru, Shamit and Polchinski, Joseph},
  title = {{Hierarchies from fluxes in string compactifications}},
  journal = {Phys. Rev.},
  year = {2002},
  volume = {D66},
  pages = {106006},
  archiveprefix = {arXiv},
  doi = {10.1103/PhysRevD.66.106006},
  eprint = {hep-th/0105097},
  file = {ArXiv pdf:http\://arxiv.org/pdf/hep-th/0105097:PDF},
  owner = {ith},
  slaccitation = {%%CITATION = HEP-TH/0105097;%%},
  timestamp = {2008.03.06}
}

@ARTICLE{Gmeiner:2007uw,
  author = {Gmeiner, Florian and White, Chris D.},
  title = {{DBI Inflation using a One-Parameter Family of Throat Geometries}},
  journal = {JCAP},
  year = {2008},
  volume = {0802},
  pages = {012},
  archiveprefix = {arXiv},
  doi = {10.1088/1475-7516/2008/02/012},
  eprint = {0710.2009},
  file = {ArXiv pdf:http\://arxiv.org/pdf/0710.2009:PDF},
  owner = {ith},
  primaryclass = {hep-th},
  slaccitation = {%%CITATION = 0710.2009;%%},
  timestamp = {2008.03.06}
}

@ARTICLE{grana,
  author = {Grana, Mariana},
  title = {{Flux compactifications in string theory: A comprehensive review}},
  journal = {Phys. Rept.},
  year = {2006},
  volume = {423},
  pages = {91-158},
  archiveprefix = {arXiv},
  doi = {10.1016/j.physrep.2005.10.008},
  eprint = {hep-th/0509003},
  file = {ArXiv pdf:http\://arxiv.org/pdf/hep-th/0509003:PDF},
  owner = {ith},
  slaccitation = {%%CITATION = HEP-TH/0509003;%%},
  timestamp = {2008.03.06}
}

@ARTICLE{Green:2009ds,
  author = {Green, Daniel and Horn, Bart and Senatore, Leonardo and Silverstein,
	Eva},
  title = {{Trapped Inflation}},
  journal = {Phys. Rev.},
  year = {2009},
  volume = {D80},
  pages = {063533},
  archiveprefix = {arXiv},
  doi = {10.1103/PhysRevD.80.063533},
  eprint = {0902.1006},
  file = {ArXiv pdf:http\://arxiv.org/pdf/0902.1006:PDF},
  owner = {ith},
  primaryclass = {hep-th},
  slaccitation = {%%CITATION = 0902.1006;%%},
  timestamp = {2009.02.27}
}

@ARTICLE{Green1992,
  author = {Green, Michael B.},
  title = {{Temperature dependence of string theory in the presence of world
	sheet boundaries}},
  journal = {Phys. Lett.},
  year = {1992},
  volume = {B282},
  pages = {380-386},
  archiveprefix = {arXiv},
  doi = {10.1016/0370-2693(92)90656-O},
  eprint = {hep-th/9201054},
  owner = {ian},
  slaccitation = {%%CITATION = HEP-TH/9201054;%%},
  timestamp = {2009.08.04}
}

@ARTICLE{Green1988,
  author = {Green, Michael B.},
  title = {{Modifying the Bosonic String Vacuum}},
  journal = {Phys. Lett.},
  year = {1988},
  volume = {B201},
  pages = {42-48},
  doi = {10.1016/0370-2693(88)90077-9},
  owner = {ian},
  slaccitation = {%%CITATION = PHLTA,B201,42;%%},
  timestamp = {2009.08.04}
}

@ARTICLE{Green1977,
  author = {Green, Michael B.},
  title = {{Dynamical Point-Like Structure and Dual Strings}},
  journal = {Phys. Lett.},
  year = {1977},
  volume = {B69},
  pages = {89},
  doi = {10.1016/0370-2693(77)90140-X},
  owner = {ian},
  slaccitation = {%%CITATION = PHLTA,B69,89;%%},
  timestamp = {2009.08.04}
}

@ARTICLE{Gregory:2008rf,
  author = {Gregory, Ruth},
  title = {{Braneworld black holes}},
  journal = {Lect. Notes Phys.},
  year = {2009},
  volume = {769},
  pages = {259-298},
  archiveprefix = {arXiv},
  doi = {10.1007/978-3-540-88460-6_7},
  eprint = {0804.2595},
  file = {ArXiv pdf:http\://arxiv.org/pdf/0804.2595:PDF},
  keywords = {toread},
  owner = {ith},
  primaryclass = {hep-th},
  slaccitation = {%%CITATION = 0804.2595;%%},
  timestamp = {2008.04.17}
}

@ARTICLE{Grivell:1996sr,
  author = {Grivell, Ian J. and Liddle, Andrew R.},
  title = {{Accurate determination of inflationary perturbations}},
  journal = {Phys. Rev.},
  year = {1996},
  volume = {D54},
  pages = {7191-7198},
  archiveprefix = {arXiv},
  doi = {10.1103/PhysRevD.54.7191},
  eprint = {astro-ph/9607096},
  file = {ArXiv pdf:http\://arxiv.org/pdf/astro-ph/9607096:PDF},
  owner = {ith},
  slaccitation = {%%CITATION = ASTRO-PH/9607096;%%},
  timestamp = {2008.08.26}
}

@ARTICLE{witten3,
  author = {Gukov, Sergei and Vafa, Cumrun and Witten, Edward},
  title = {{CFT's from Calabi-Yau four-folds}},
  journal = {Nucl. Phys.},
  year = {2000},
  volume = {B584},
  pages = {69-108},
  archiveprefix = {arXiv},
  doi = {10.1016/S0550-3213(00)00373-4},
  eprint = {hep-th/9906070},
  file = {ArXiv pdf:http\://arxiv.org/pdf/hep-th/9906070:PDF},
  owner = {ith},
  slaccitation = {%%CITATION = HEP-TH/9906070;%%},
  timestamp = {2008.03.06}
}

@ARTICLE{Gumjudpai:2009uy,
  author = {Gumjudpai, Burin and Ward, John},
  title = {{Generalised DBI-Quintessence}},
  journal = {Phys. Rev.},
  year = {2009},
  volume = {D80},
  pages = {023528},
  archiveprefix = {arXiv},
  doi = {10.1103/PhysRevD.80.023528},
  eprint = {0904.0472},
  owner = {ian},
  primaryclass = {astro-ph.CO},
  slaccitation = {%%CITATION = 0904.0472;%%},
  timestamp = {2009.09.17}
}

@ARTICLE{Guo:2008sz,
  author = {Guo, Zong-Kuan and Ohta, Nobuyoshi},
  title = {{Cosmological Evolution of Dirac-Born-Infeld Field}},
  journal = {JCAP},
  year = {2008},
  volume = {0804},
  pages = {035},
  archiveprefix = {arXiv},
  doi = {10.1088/1475-7516/2008/04/035},
  eprint = {0803.1013},
  file = {ArXiv pdf:http\://arxiv.org/pdf/0803.1013:PDF},
  owner = {ith},
  primaryclass = {hep-th},
  slaccitation = {%%CITATION = 0803.1013;%%},
  timestamp = {2008.09.05}
}

@ARTICLE{Guth:1980zm,
  author = {Guth, Alan H.},
  title = {{The Inflationary Universe: A Possible Solution to the Horizon and
	Flatness Problems}},
  journal = {Phys. Rev.},
  year = {1981},
  volume = {D23},
  pages = {347-356},
  doi = {10.1103/PhysRevD.23.347},
  owner = {ian},
  slaccitation = {%%CITATION = PHRVA,D23,347;%%},
  timestamp = {2009.08.31}
}

@ARTICLE{Guth:1982pn,
  author = {Guth, Alan H. and Weinberg, Erick J.},
  title = {Could the universe have recovered from a slow first order phase transition?},
  journal = {Nucl. Phys.},
  year = {1983},
  volume = {B212},
  pages = {321},
  owner = {ith},
  slaccitation = {%%CITATION = NUPHA,B212,321;%%},
  timestamp = {2008.03.06}
}

@ARTICLE{Habib:2005mh,
  author = {Habib, Salman and Heinen, Andreas and Heitmann, Katrin and Jungman,
	Gerard},
  title = {{Inflationary perturbations and precision cosmology}},
  journal = {Phys. Rev.},
  year = {2005},
  volume = {D71},
  pages = {043518},
  archiveprefix = {arXiv},
  doi = {10.1103/PhysRevD.71.043518},
  eprint = {astro-ph/0501130},
  file = {ArXiv pdf:http\://arxiv.org/pdf/astro-ph/0501130:PDF},
  keywords = {printed},
  owner = {ith},
  slaccitation = {%%CITATION = ASTRO-PH/0501130;%%},
  timestamp = {2008.08.21}
}

@ARTICLE{Hauser:1998ri,
  author = {Hauser, M. G. and others},
  title = {{The COBE Diffuse Infrared Background Experiment Search for the Cosmic
	Infrared Background: I. Limits and Detections}},
  journal = {Astrophys. J.},
  year = {1998},
  volume = {508},
  pages = {25},
  archiveprefix = {arXiv},
  doi = {10.1086/306379},
  eprint = {astro-ph/9806167},
  file = {ArXiv pdf:http\://arxiv.org/pdf/astro-ph/9806167:PDF},
  owner = {ith},
  slaccitation = {%%CITATION = ASTRO-PH/9806167;%%},
  timestamp = {2008.03.06}
}

@MISC{hdf5,
  author = {{HDF Group}},
  title = {{Hierarchical Data Format 5} technology suite},
  howpublished = {\url{http://www.hdfgroup.org/HDF5/}},
  year = {1998--},
  owner = {ian},
  timestamp = {2009.11.06}
}

@ARTICLE{tyereview,
  author = {Henry Tye, S. -H.},
  title = {{Brane inflation: String theory viewed from the cosmos}},
  journal = {Lect. Notes Phys.},
  year = {2008},
  volume = {737},
  pages = {949-974},
  archiveprefix = {arXiv},
  eprint = {hep-th/0610221},
  file = {ArXiv pdf:http\://arxiv.org/pdf/hep-th/0610221:PDF},
  owner = {ith},
  slaccitation = {%%CITATION = HEP-TH/0610221;%%},
  timestamp = {2008.03.06}
}

@ARTICLE{Hoi:2008gc,
  author = {Hoi, Loison and Cline, James M.},
  title = {{How Delicate is Brane-Antibrane Inflation?}},
  journal = {Phys. Rev.},
  year = {2009},
  volume = {D79},
  pages = {083537},
  archiveprefix = {arXiv},
  doi = {10.1103/PhysRevD.79.083537},
  eprint = {0810.1303},
  file = {ArXiv pdf:http\://arxiv.org/pdf/0810.1303:PDF},
  owner = {ith},
  primaryclass = {hep-th},
  slaccitation = {%%CITATION = 0810.1303;%%},
  timestamp = {2009.03.03}
}

@ARTICLE{Hollands:2008vx,
  author = {Hollands, Stefan and Wald, Robert M.},
  title = {{Axiomatic quantum field theory in curved spacetime}},
  year = {2009},
  archiveprefix = {arXiv},
  doi = {10.1007/s00220-009-0880-7},
  eprint = {0803.2003},
  file = {ArXiv pdf:http\://arxiv.org/pdf/0803.2003:PDF},
  keywords = {watch},
  owner = {ith},
  primaryclass = {gr-qc},
  review = {Interesting look at extending QFTs into curved space. Hard to understand
	the theory but readable conclusion. Worth keeping up with developments.},
  slaccitation = {%%CITATION = 0803.2003;%%},
  timestamp = {2008.03.20}
}

@ARTICLE{Huang:2000bh,
  author = {Huang, D. H. and Lin, W. B. and Zhang, X. M.},
  title = {{Remark on approximation in the calculation of the primordial spectrum
	generated during inflation}},
  journal = {Phys. Rev.},
  year = {2000},
  volume = {D62},
  pages = {087302},
  archiveprefix = {arXiv},
  doi = {10.1103/PhysRevD.62.087302},
  eprint = {hep-ph/0007064},
  file = {ArXiv pdf:http\://arxiv.org/pdf/hep-ph/0007064:PDF},
  keywords = {printed},
  owner = {ith},
  slaccitation = {%%CITATION = HEP-PH/0007064;%%},
  timestamp = {2008.08.21}
}

@ARTICLE{Huang:2007hh,
  author = {Huang, Min-xin and Shiu, Gary and Underwood, Bret},
  title = {{Multifield DBI Inflation and Non-Gaussianities}},
  journal = {Phys. Rev.},
  year = {2008},
  volume = {D77},
  pages = {023511},
  archiveprefix = {arXiv},
  doi = {10.1103/PhysRevD.77.023511},
  eprint = {0709.3299},
  file = {ArXiv pdf:http\://arxiv.org/pdf/0709.3299:PDF},
  owner = {ith},
  primaryclass = {hep-th},
  slaccitation = {%%CITATION = 0709.3299;%%},
  timestamp = {2008.03.06}
}

@ARTICLE{Huang:2008rj,
  author = {Huang, Qing-Guo},
  title = {{N-vaton}},
  journal = {JCAP},
  year = {2008},
  volume = {0809},
  pages = {017},
  archiveprefix = {arXiv},
  doi = {10.1088/1475-7516/2008/09/017},
  eprint = {0807.1567},
  file = {ArXiv pdf:http\://arxiv.org/pdf/0807.1567:PDF},
  owner = {ith},
  primaryclass = {hep-th},
  slaccitation = {%%CITATION = 0807.1567;%%},
  timestamp = {2008.09.02}
}

@ARTICLE{Huang:2008jr,
  author = {Huang, Qing-Guo and Tye, S. -H. Henry},
  title = {{The Cosmological Constant Problem and Inflation in the String Landscape}},
  journal = {Int. J. Mod. Phys.},
  year = {2009},
  volume = {A24},
  pages = {1925-1962},
  archiveprefix = {arXiv},
  doi = {10.1142/S0217751X0904316X},
  eprint = {0803.0663},
  file = {ArXiv pdf:http\://arxiv.org/pdf/0803.0663:PDF},
  keywords = {toread, printed},
  owner = {ith},
  primaryclass = {hep-th},
  slaccitation = {%%CITATION = 0803.0663;%%},
  timestamp = {2008.03.12}
}

@ARTICLE{Hunt:2008wp,
  author = {Hunt, Paul and Sarkar, Subir},
  title = {{Constraints on large scale voids from WMAP-5 and SDSS}},
  year = {2008},
  archiveprefix = {arXiv},
  eprint = {0807.4508},
  file = {ArXiv pdf:http\://arxiv.org/pdf/0807.4508:PDF},
  owner = {ith},
  primaryclass = {astro-ph},
  slaccitation = {%%CITATION = 0807.4508;%%},
  timestamp = {2008.08.04}
}

@ARTICLE{hltw,
  author = {Huston, Ian and Lidsey, James E. and Thomas, Steven and Ward, John},
  title = {{Gravitational Wave Constraints on Multi-Brane Inflation}},
  journal = {JCAP},
  year = {2008},
  volume = {0805},
  pages = {016},
  archiveprefix = {arXiv},
  doi = {10.1088/1475-7516/2008/05/016},
  eprint = {0802.0398},
  file = {ArXiv pdf:http\://arxiv.org/pdf/0802.0398:PDF},
  owner = {ith},
  primaryclass = {hep-th},
  slaccitation = {%%CITATION = 0802.0398;%%},
  timestamp = {2008.09.04}
}

@ARTICLE{hustonmalik,
  author = {Huston, Ian and Malik, Karim A.},
  title = {{Numerical calculation of second order perturbations}},
  journal = {JCAP},
  year = {2009},
  volume = {0909},
  pages = {019},
  archiveprefix = {arXiv},
  doi = {10.1088/1475-7516/2009/09/019},
  eprint = {0907.2917},
  owner = {ith},
  primaryclass = {astro-ph.CO},
  slaccitation = {%%CITATION = 0907.2917;%%},
  timestamp = {2009.07.20}
}

@ARTICLE{brane10,
  author = {Iizuka, Norihiro and Trivedi, Sandip P.},
  title = {{An inflationary model in string theory}},
  journal = {Phys. Rev.},
  year = {2004},
  volume = {D70},
  pages = {043519},
  archiveprefix = {arXiv},
  doi = {10.1103/PhysRevD.70.043519},
  eprint = {hep-th/0403203},
  file = {ArXiv pdf:http\://arxiv.org/pdf/hep-th/0403203:PDF},
  owner = {ith},
  slaccitation = {%%CITATION = HEP-TH/0403203;%%},
  timestamp = {2008.03.06}
}

@ARTICLE{Jackson:2009fk,
  author = {Jackson, Mark G. and Siemens, Xavier},
  title = {{Gravitational Wave Bursts from Cosmic Superstring Reconnections}},
  journal = {JHEP},
  year = {2009},
  volume = {06},
  pages = {089},
  archiveprefix = {arXiv},
  doi = {10.1088/1126-6708/2009/06/089},
  eprint = {0901.0867},
  file = {ArXiv pdf:http\://arxiv.org/pdf/0901.0867:PDF},
  owner = {ith},
  primaryclass = {hep-th},
  slaccitation = {%%CITATION = 0901.0867;%%},
  timestamp = {2009.03.03}
}

@ARTICLE{Jain:2007au,
  author = {Jain, Rajeev Kumar and Chingangbam, Pravabati and Sriramkumar, L.},
  title = {{Amplification of tachyonic perturbations at super-Hubble scales}},
  journal = {JCAP},
  year = {2007},
  volume = {0710},
  pages = {003},
  archiveprefix = {arXiv},
  doi = {10.1088/1475-7516/2007/10/003},
  eprint = {astro-ph/0703762},
  file = {ArXiv pdf:http\://arxiv.org/pdf/astro-ph/0703762:PDF},
  owner = {ith},
  slaccitation = {%%CITATION = ASTRO-PH/0703762;%%},
  timestamp = {2008.09.29}
}

@ARTICLE{Johannsen:2008tm,
  author = {Johannsen, Tim and Psaltis, Dimitrios and McClintock, Jeffrey E.},
  title = {{Constraints on the Size of Extra Dimensions from the Orbital Evolution
	of Black-Hole X-Ray Binaries}},
  journal = {Astrophys. J.},
  year = {2009},
  volume = {691},
  pages = {997-1004},
  archiveprefix = {arXiv},
  doi = {10.1088/0004-637X/691/2/997},
  eprint = {0803.1835},
  file = {ArXiv pdf:http\://arxiv.org/pdf/0803.1835:PDF},
  owner = {ith},
  primaryclass = {astro-ph},
  review = {Looks at constraining extra-dimensions using black hole data. Currently
	limits do not pass those from table top experiments like the Eot-Wash/Cavendish
	experiments.},
  slaccitation = {%%CITATION = 0803.1835;%%},
  timestamp = {2008.03.19}
}

@ARTICLE{Johnson2000,
  author = {Johnson, Clifford V.},
  title = {{D-brane primer}},
  year = {2000},
  archiveprefix = {arXiv},
  eprint = {hep-th/0007170},
  owner = {ian},
  slaccitation = {%%CITATION = HEP-TH/0007170;%%},
  timestamp = {2009.08.04}
}

@MISC{scipy,
  author = {Eric Jones and Travis Oliphant and Pearu Peterson and others},
  title = {{SciPy}: Open source scientific tools for {Python}},
  howpublished = {\url{http://www.scipy.org/}},
  year = {2001--}
}

@ARTICLE{brane5,
  author = {Kachru, Shamit and Kallosh, Renata and Linde, Andrei and Trivedi,
	Sandip P.},
  title = {{Towards inflation in string theory}},
  journal = {JCAP},
  year = {2003},
  volume = {0310},
  pages = {013},
  archiveprefix = {arXiv},
  doi = {10.1088/1475-7516/2003/10/013},
  eprint = {hep-th/0308055},
  file = {ArXiv pdf:http\://arxiv.org/pdf/hep-th/0308055:PDF},
  owner = {ith},
  slaccitation = {%%CITATION = HEP-TH/0308055;%%},
  timestamp = {2008.03.06}
}

@ARTICLE{brane4,
  author = {Kachru, Shamit and Kallosh, Renata and Linde, Andrei D. and Trivedi,
	Sandip P.},
  title = {{De Sitter vacua in string theory}},
  journal = {Phys. Rev.},
  year = {2003},
  volume = {D68},
  pages = {046005},
  archiveprefix = {arXiv},
  doi = {10.1103/PhysRevD.68.046005},
  eprint = {hep-th/0301240},
  file = {ArXiv pdf:http\://arxiv.org/pdf/hep-th/0301240:PDF},
  owner = {ith},
  slaccitation = {%%CITATION = HEP-TH/0301240;%%},
  timestamp = {2008.03.06}
}

@ARTICLE{Kachru:2002gs,
  author = {Kachru, Shamit and Pearson, John and Verlinde, Herman L.},
  title = {{Brane/Flux Annihilation and the String Dual of a Non- Supersymmetric
	Field Theory}},
  journal = {JHEP},
  year = {2002},
  volume = {06},
  pages = {021},
  archiveprefix = {arXiv},
  eprint = {hep-th/0112197},
  file = {ArXiv pdf:http\://arxiv.org/pdf/hep-th/0112197:PDF},
  owner = {ith},
  slaccitation = {%%CITATION = HEP-TH/0112197;%%},
  timestamp = {2008.03.06}
}

@ARTICLE{Kallosh:2007wm,
  author = {Kallosh, Renata and Linde, Andrei D.},
  title = {{Testing String Theory with CMB}},
  journal = {JCAP},
  year = {2007},
  volume = {0704},
  pages = {017},
  archiveprefix = {arXiv},
  eprint = {0704.0647},
  file = {ArXiv pdf:http\://arxiv.org/pdf/0704.0647:PDF},
  owner = {ith},
  primaryclass = {hep-th},
  slaccitation = {%%CITATION = 0704.0647;%%},
  timestamp = {2008.03.06}
}

@ARTICLE{Kaluza1921,
  author = {Kaluza, Theodor},
  title = {{On the Problem of Unity in Physics}},
  journal = {Sitzungsber. Preuss. Akad. Wiss. Berlin (Math. Phys. )},
  year = {1921},
  volume = {1921},
  pages = {966-972},
  owner = {ian},
  slaccitation = {%%CITATION = SPWPA,1921,966;%%},
  timestamp = {2009.08.03}
}

@ARTICLE{Kamionkowski:2008sr,
  author = {Kamionkowski, Marc and Verde, Licia and Jimenez, Raul},
  title = {{The Void Abundance with Non-Gaussian Primordial Perturbations}},
  journal = {JCAP},
  year = {2009},
  volume = {0901},
  pages = {010},
  archiveprefix = {arXiv},
  doi = {10.1088/1475-7516/2009/01/010},
  eprint = {0809.0506},
  file = {ArXiv pdf:http\://arxiv.org/pdf/0809.0506:PDF},
  owner = {ith},
  primaryclass = {astro-ph},
  slaccitation = {%%CITATION = 0809.0506;%%},
  timestamp = {2009.02.27}
}

@ARTICLE{Kawasaki:2008sn,
  author = {Kawasaki, Masahiro and Nakayama, Kazunori and Sekiguchi, Toyokazu
	and Suyama, Teruaki and Takahashi, Fuminobu},
  title = {{Non-Gaussianity from isocurvature perturbations}},
  journal = {JCAP},
  year = {2008},
  volume = {0811},
  pages = {019},
  archiveprefix = {arXiv},
  doi = {10.1088/1475-7516/2008/11/019},
  eprint = {0808.0009},
  file = {ArXiv pdf:http\://arxiv.org/pdf/0808.0009:PDF},
  owner = {ith},
  primaryclass = {astro-ph},
  slaccitation = {%%CITATION = 0808.0009;%%},
  timestamp = {2008.08.04}
}

@ARTICLE{brane20,
  author = {Kecskemeti, Steven and Maiden, John and Shiu, Gary and Underwood,
	Bret},
  title = {{DBI inflation in the tip region of a warped throat}},
  journal = {JHEP},
  year = {2006},
  volume = {09},
  pages = {076},
  archiveprefix = {arXiv},
  eprint = {hep-th/0605189},
  file = {ArXiv pdf:http\://arxiv.org/pdf/hep-th/0605189:PDF},
  owner = {ith},
  slaccitation = {%%CITATION = HEP-TH/0605189;%%},
  timestamp = {2008.03.06}
}

@ARTICLE{Khoury:2008wj,
  author = {Khoury, Justin and Piazza, Federico},
  title = {{Rapidly-Varying Speed of Sound, Scale Invariance and Non-Gaussian
	Signatures}},
  journal = {JCAP},
  year = {2009},
  volume = {0907},
  pages = {026},
  archiveprefix = {arXiv},
  doi = {10.1088/1475-7516/2009/07/026},
  eprint = {0811.3633},
  file = {ArXiv pdf:http\://arxiv.org/pdf/0811.3633:PDF},
  owner = {ith},
  primaryclass = {hep-th},
  slaccitation = {%%CITATION = 0811.3633;%%},
  timestamp = {2009.02.27}
}

@ARTICLE{Kikkawa1984b,
  author = {Kikkawa, Keiji and Yamasaki, Masami},
  title = {{Casimir Effects in Superstring Theories}},
  journal = {Phys. Lett.},
  year = {1984},
  volume = {B149},
  pages = {357},
  doi = {10.1016/0370-2693(84)90423-4},
  owner = {ian},
  slaccitation = {%%CITATION = PHLTA,B149,357;%%},
  timestamp = {2009.08.04}
}

@ARTICLE{Kim:2009pf,
  author = {Kim, Jaiseung and Naselsky, Pavel},
  title = {{The primordial '$\fnl$' non-Gaussianity, and perturbations beyond
	the present horizon}},
  journal = {Phys. Rev.},
  year = {2009},
  volume = {D79},
  pages = {123006},
  archiveprefix = {arXiv},
  doi = {10.1103/PhysRevD.79.123006},
  eprint = {0905.1781},
  file = {ArXiv pdf:http\://arxiv.org/pdf/0905.1781:PDF},
  keywords = {toread, printed},
  owner = {ith},
  primaryclass = {astro-ph.CO},
  slaccitation = {%%CITATION = 0905.1781;%%},
  timestamp = {2009.05.13}
}

@ARTICLE{Kinney2009,
  author = {Kinney, William H.},
  title = {{TASI Lectures on Inflation}},
  year = {2009},
  archiveprefix = {arXiv},
  eprint = {0902.1529},
  owner = {ian},
  primaryclass = {astro-ph.CO},
  slaccitation = {%%CITATION = 0902.1529;%%},
  timestamp = {2009.08.27}
}

@ARTICLE{Kinney:2006qm,
  author = {Kinney, William H. and Kolb, Edward W. and Melchiorri, Alessandro
	and Riotto, Antonio},
  title = {{Inflation model constraints from the Wilkinson microwave anisotropy
	probe three-year data}},
  journal = {Phys. Rev.},
  year = {2006},
  volume = {D74},
  pages = {023502},
  archiveprefix = {arXiv},
  doi = {10.1103/PhysRevD.74.023502},
  eprint = {astro-ph/0605338},
  file = {ArXiv pdf:http\://arxiv.org/pdf/astro-ph/0605338:PDF},
  owner = {ith},
  slaccitation = {%%CITATION = ASTRO-PH/0605338;%%},
  timestamp = {2008.03.06}
}

@ARTICLE{Kinney:2003uw,
  author = {Kinney, William H. and Kolb, Edward W. and Melchiorri, Alessandro
	and Riotto, Antonio},
  title = {{WMAPping inflationary physics}},
  journal = {Phys. Rev.},
  year = {2004},
  volume = {D69},
  pages = {103516},
  archiveprefix = {arXiv},
  doi = {10.1103/PhysRevD.69.103516},
  eprint = {hep-ph/0305130},
  file = {ArXiv pdf:http\://arxiv.org/pdf/hep-ph/0305130:PDF},
  owner = {ith},
  slaccitation = {%%CITATION = HEP-PH/0305130;%%},
  timestamp = {2008.03.06}
}

@ARTICLE{Kinney:2007ag,
  author = {Kinney, William H. and Tzirakis, Konstantinos},
  title = {{Quantum modes in DBI inflation: exact solutions and constraints
	from vacuum selection}},
  journal = {Phys. Rev.},
  year = {2008},
  volume = {D77},
  pages = {103517},
  archiveprefix = {arXiv},
  doi = {10.1103/PhysRevD.77.103517},
  eprint = {0712.2043},
  owner = {ian},
  primaryclass = {astro-ph},
  slaccitation = {%%CITATION = 0712.2043;%%},
  timestamp = {2009.09.17}
}

@ARTICLE{ks,
  author = {Klebanov, Igor R. and Strassler, Matthew J.},
  title = {{Supergravity and a confining gauge theory: Duality cascades and
	chiSB-resolution of naked singularities}},
  journal = {JHEP},
  year = {2000},
  volume = {08},
  pages = {052},
  archiveprefix = {arXiv},
  eprint = {hep-th/0007191},
  file = {ArXiv pdf:http\://arxiv.org/pdf/hep-th/0007191:PDF},
  owner = {ith},
  slaccitation = {%%CITATION = HEP-TH/0007191;%%},
  timestamp = {2008.03.06}
}

@ARTICLE{kt,
  author = {Klebanov, Igor R. and Tseytlin, Arkady A.},
  title = {{Gravity Duals of Supersymmetric $SU(N) \times SU(N+M)$ Gauge Theories}},
  journal = {Nucl. Phys.},
  year = {2000},
  volume = {B578},
  pages = {123-138},
  archiveprefix = {arXiv},
  doi = {10.1016/S0550-3213(00)00206-6},
  eprint = {hep-th/0002159},
  file = {ArXiv pdf:http\://arxiv.org/pdf/hep-th/0002159:PDF},
  owner = {ith},
  slaccitation = {%%CITATION = HEP-TH/0002159;%%},
  timestamp = {2008.03.06}
}

@ARTICLE{Klein1926,
  author = {Klein, O.},
  title = {{Quantum theory and five-dimensional theory of relativity}},
  journal = {Z. Phys.},
  year = {1926},
  volume = {37},
  pages = {895-906},
  doi = {10.1007/BF01397481},
  owner = {ian},
  slaccitation = {%%CITATION = ZEPYA,37,895;%%},
  timestamp = {2009.08.03}
}

@ARTICLE{klemm,
  author = {Klemm, A. and Lian, B. and Roan, S. S. and Yau, Shing-Tung},
  title = {{Calabi-Yau fourfolds for M- and F-theory compactifications}},
  journal = {Nucl. Phys.},
  year = {1998},
  volume = {B518},
  pages = {515-574},
  archiveprefix = {arXiv},
  doi = {10.1016/S0550-3213(97)00798-0},
  eprint = {hep-th/9701023},
  file = {ArXiv pdf:http\://arxiv.org/pdf/hep-th/9701023:PDF},
  owner = {ith},
  slaccitation = {%%CITATION = HEP-TH/9701023;%%},
  timestamp = {2008.03.06}
}

@ARTICLE{Kobayashi:2009cm,
  author = {Kobayashi, Takeshi and Mukohyama, Shinji},
  title = {{Curvatons in Warped Throats}},
  journal = {JCAP},
  year = {2009},
  volume = {0907},
  pages = {032},
  archiveprefix = {arXiv},
  doi = {10.1088/1475-7516/2009/07/032},
  eprint = {0905.2835},
  owner = {ian},
  primaryclass = {hep-th},
  slaccitation = {%%CITATION = 0905.2835;%%},
  timestamp = {2009.09.17}
}

@ARTICLE{Kobayashi:2007hm,
  author = {Kobayashi, Takeshi and Mukohyama, Shinji and Kinoshita, Shunichiro},
  title = {{Constraints on Wrapped DBI Inflation in a Warped Throat}},
  journal = {JCAP},
  year = {2008},
  volume = {0801},
  pages = {028},
  archiveprefix = {arXiv},
  doi = {10.1088/1475-7516/2008/01/028},
  eprint = {0708.4285},
  file = {ArXiv pdf:http\://arxiv.org/pdf/0708.4285:PDF},
  owner = {ith},
  primaryclass = {hep-th},
  slaccitation = {%%CITATION = 0708.4285;%%},
  timestamp = {2008.03.06}
}

@ARTICLE{Kobayashi:2009nv,
  author = {Kobayashi, Takeshi and Mukohyama, Shinji and Powell, Brian A.},
  title = {{Cosmological Constraints on Rapid Roll Inflation}},
  journal = {JCAP},
  year = {2009},
  volume = {0909},
  pages = {023},
  archiveprefix = {arXiv},
  doi = {10.1088/1475-7516/2009/09/023},
  eprint = {0905.1752},
  file = {ArXiv pdf:http\://arxiv.org/pdf/0905.1752:PDF},
  owner = {ith},
  primaryclass = {astro-ph.CO},
  slaccitation = {%%CITATION = 0905.1752;%%},
  timestamp = {2009.05.13}
}

@BOOK{book:kolbturner,
  title = {Early Universe (Frontiers in Physics, Vol 69)},
  publisher = {{Perseus Books (Sd)}},
  year = {1990},
  author = {Kolb, Edward W. and Turner, Michael S.},
  month = {January},
  howpublished = {Hardcover},
  isbn = {0201116030},
  keywords = {book calculation cosmology inflation introduction},
  owner = {ith},
  priority = {2},
  timestamp = {2008.03.06}
}

@ARTICLE{Kolb:1994ur,
  author = {Kolb, Edward W. and Vadas, Sharon L.},
  title = {{Relating spectral indices to tensor and scalar amplitudes in inflation}},
  journal = {Phys. Rev.},
  year = {1994},
  volume = {D50},
  pages = {2479-2487},
  archiveprefix = {arXiv},
  doi = {10.1103/PhysRevD.50.2479},
  eprint = {astro-ph/9403001},
  file = {ArXiv pdf:http\://arxiv.org/pdf/astro-ph/9403001:PDF},
  owner = {ith},
  slaccitation = {%%CITATION = ASTRO-PH/9403001;%%},
  timestamp = {2008.03.06}
}

@ARTICLE{Komatsu:2008hk,
  author = {Komatsu, E. and others},
  title = {{Five-Year Wilkinson Microwave Anisotropy Probe (WMAP) ) Observations:Cosmological
	Interpretation}},
  journal = {Astrophys. J. Suppl.},
  year = {2009},
  volume = {180},
  pages = {330-376},
  archiveprefix = {arXiv},
  collaboration = {WMAP},
  doi = {10.1088/0067-0049/180/2/330},
  eprint = {0803.0547},
  keywords = {printed},
  owner = {ith},
  primaryclass = {astro-ph},
  slaccitation = {%%CITATION = 0803.0547;%%},
  timestamp = {2009.07.06}
}

@ARTICLE{Koshelev:2005wk,
  author = {Koshelev, Nikolay A.},
  title = {{Adiabatic and entropy perturbations in inflationary models based
	on non-linear sigma model}},
  journal = {Grav. Cosmol.},
  year = {2004},
  volume = {10},
  pages = {289-294},
  archiveprefix = {arXiv},
  eprint = {astro-ph/0501600},
  file = {ArXiv pdf:http\://arxiv.org/pdf/astro-ph/0501600:PDF},
  owner = {ith},
  slaccitation = {%%CITATION = ASTRO-PH/0501600;%%},
  timestamp = {2008.07.04}
}

@ARTICLE{Krause:2007jr,
  author = {Krause, Axel},
  title = {{Large Gravitational Waves and Lyth Bound in Multi Brane Inflation}},
  journal = {JCAP},
  year = {2008},
  volume = {0807},
  pages = {001},
  archiveprefix = {arXiv},
  doi = {10.1088/1475-7516/2008/07/001},
  eprint = {0708.4414},
  file = {ArXiv pdf:http\://arxiv.org/pdf/0708.4414:PDF},
  owner = {ith},
  primaryclass = {hep-th},
  slaccitation = {%%CITATION = 0708.4414;%%},
  timestamp = {2008.03.06}
}

@ARTICLE{Kuo2007,
  author = {Kuo, Chao-Lin and others},
  title = {{Improved Measurements of the CMB Power Spectrum with ACBAR}},
  journal = {Astrophys. J.},
  year = {2007},
  volume = {664},
  pages = {687},
  archiveprefix = {arXiv},
  collaboration = {ACBAR},
  doi = {10.1086/518401},
  eprint = {astro-ph/0611198},
  owner = {ian},
  slaccitation = {%%CITATION = ASTRO-PH/0611198;%%},
  timestamp = {2009.08.27}
}

@ARTICLE{Kuo2004,
  author = {Kuo, Chao-Lin and others},
  title = {{High Resolution Observations of the CMB Power Spectrum with ACBAR}},
  journal = {Astrophys. J.},
  year = {2004},
  volume = {600},
  pages = {32-51},
  archiveprefix = {arXiv},
  collaboration = {ACBAR},
  doi = {10.1086/379783},
  eprint = {astro-ph/0212289},
  owner = {ian},
  slaccitation = {%%CITATION = ASTRO-PH/0212289;%%},
  timestamp = {2009.08.27}
}

@ARTICLE{Langlois:2008ng,
  author = {Langlois, David},
  title = {{Early Universe: inflation and cosmological perturbations}},
  year = {2008},
  archiveprefix = {arXiv},
  eprint = {0811.4329},
  file = {ArXiv pdf:http\://arxiv.org/pdf/0811.4329:PDF},
  owner = {ith},
  primaryclass = {gr-qc},
  slaccitation = {%%CITATION = 0811.4329;%%},
  timestamp = {2009.02.27}
}

@ARTICLE{Langlois:2008sg,
  author = {Langlois, David},
  title = {{Cosmological perturbations from multi-field inflation}},
  journal = {J. Phys. Conf. Ser.},
  year = {2008},
  volume = {140},
  pages = {012004},
  archiveprefix = {arXiv},
  doi = {10.1088/1742-6596/140/1/012004},
  eprint = {0809.2540},
  file = {ArXiv pdf:http\://arxiv.org/pdf/0809.2540:PDF},
  owner = {ith},
  primaryclass = {astro-ph},
  slaccitation = {%%CITATION = 0809.2540;%%},
  timestamp = {2009.02.27}
}

@ARTICLE{Langlois:2009ej,
  author = {Langlois, David and Renaux-Petel, Sebastien and Steer, Daniele A.},
  title = {{Multi-field DBI inflation: introducing bulk forms and revisiting
	the gravitational wave constraints}},
  journal = {JCAP},
  year = {2009},
  volume = {0904},
  pages = {021},
  archiveprefix = {arXiv},
  doi = {10.1088/1475-7516/2009/04/021},
  eprint = {0902.2941},
  file = {ArXiv pdf:http\://arxiv.org/pdf/0902.2941:PDF},
  owner = {ith},
  primaryclass = {hep-th},
  slaccitation = {%%CITATION = 0902.2941;%%},
  timestamp = {2009.02.27}
}

@ARTICLE{Langlois:2008qf,
  author = {Langlois, David and Renaux-Petel, Sebastien and Steer, Daniele A.
	and Tanaka, Takahiro},
  title = {{Primordial perturbations and non-Gaussianities in DBI and general
	multi-field inflation}},
  journal = {Phys. Rev.},
  year = {2008},
  volume = {D78},
  pages = {063523},
  archiveprefix = {arXiv},
  doi = {10.1103/PhysRevD.78.063523},
  eprint = {0806.0336},
  file = {ArXiv pdf:http\://arxiv.org/pdf/0806.0336:PDF},
  owner = {ith},
  primaryclass = {hep-th},
  slaccitation = {%%CITATION = 0806.0336;%%},
  timestamp = {2009.02.27}
}

@ARTICLE{Langlois:2008wt,
  author = {Langlois, David and Renaux-Petel, Sebastien and Steer, Daniele A.
	and Tanaka, Takahiro},
  title = {{Primordial fluctuations and non-Gaussianities in multi-field DBI
	inflation}},
  journal = {Phys. Rev. Lett.},
  year = {2008},
  volume = {101},
  pages = {061301},
  archiveprefix = {arXiv},
  doi = {10.1103/PhysRevLett.101.061301},
  eprint = {0804.3139},
  file = {ArXiv pdf:http\://arxiv.org/pdf/0804.3139:PDF},
  owner = {ith},
  primaryclass = {hep-th},
  slaccitation = {%%CITATION = 0804.3139;%%},
  timestamp = {2009.02.27}
}

@ARTICLE{Langlois:2006vv,
  author = {Langlois, David and Vernizzi, Filippo},
  title = {{Nonlinear perturbations of cosmological scalar fields}},
  journal = {JCAP},
  year = {2007},
  volume = {0702},
  pages = {017},
  archiveprefix = {arXiv},
  eprint = {astro-ph/0610064},
  owner = {ith},
  slaccitation = {%%CITATION = ASTRO-PH/0610064;%%},
  timestamp = {2009.06.26}
}

@ARTICLE{Langlois:2005ii,
  author = {Langlois, David and Vernizzi, Filippo},
  title = {{Evolution of non-linear cosmological perturbations}},
  journal = {Phys. Rev. Lett.},
  year = {2005},
  volume = {95},
  pages = {091303},
  archiveprefix = {arXiv},
  doi = {10.1103/PhysRevLett.95.091303},
  eprint = {astro-ph/0503416},
  owner = {ith},
  slaccitation = {%%CITATION = ASTRO-PH/0503416;%%},
  timestamp = {2009.06.26}
}

@ARTICLE{Leach:2001zf,
  author = {Leach, Samuel M and Sasaki, Misao and Wands, David and Liddle, Andrew
	R},
  title = {{Enhancement of superhorizon scale inflationary curvature perturbations}},
  journal = {Phys. Rev.},
  year = {2001},
  volume = {D64},
  pages = {023512},
  archiveprefix = {arXiv},
  doi = {10.1103/PhysRevD.64.023512},
  eprint = {astro-ph/0101406},
  file = {ArXiv pdf:http\://arxiv.org/pdf/astro-ph/0101406:PDF},
  owner = {ith},
  slaccitation = {%%CITATION = ASTRO-PH/0101406;%%},
  timestamp = {2008.09.29}
}

@ARTICLE{Leblond:2008gg,
  author = {Leblond, Louis and Shandera, Sarah},
  title = {{Simple Bounds from the Perturbative Regime of Inflation}},
  journal = {JCAP},
  year = {2008},
  volume = {0808},
  pages = {007},
  archiveprefix = {arXiv},
  doi = {10.1088/1475-7516/2008/08/007},
  eprint = {0802.2290},
  file = {ArXiv pdf:http\://arxiv.org/pdf/0802.2290:PDF},
  keywords = {printed},
  owner = {ith},
  primaryclass = {hep-th},
  slaccitation = {%%CITATION = 0802.2290;%%},
  timestamp = {2008.03.11}
}

@ARTICLE{Lee:2008vn,
  author = {Lee, Jae-Weon and Kim, Hyeong-Chan and Lee, Jungjai},
  title = {{Is dark energy from cosmic Hawking radiation?}},
  year = {2008},
  archiveprefix = {arXiv},
  eprint = {0803.1987},
  file = {ArXiv pdf:http\://arxiv.org/pdf/0803.1987:PDF},
  keywords = {printed},
  owner = {ith},
  primaryclass = {hep-th},
  slaccitation = {%%CITATION = 0803.1987;%%},
  timestamp = {2008.03.19}
}

@ARTICLE{Lesgourgues:2007aa,
  author = {Lesgourgues, Julien and Starobinsky, Alexei A. and Valkenburg, Wessel},
  title = {{What do WMAP and SDSS really tell about inflation?}},
  journal = {JCAP},
  year = {2008},
  volume = {0801},
  pages = {010},
  archiveprefix = {arXiv},
  doi = {10.1088/1475-7516/2008/01/010},
  eprint = {0710.1630},
  file = {ArXiv pdf:http\://arxiv.org/pdf/0710.1630:PDF},
  owner = {ith},
  primaryclass = {astro-ph},
  slaccitation = {%%CITATION = 0710.1630;%%},
  timestamp = {2008.08.21}
}

@ARTICLE{Li:2008fm,
  author = {Li, Sheng and Cai, Yi-Fu and Piao, Yun-Song},
  title = {{DBI-Curvaton}},
  journal = {Phys. Lett.},
  year = {2009},
  volume = {B671},
  pages = {423-427},
  archiveprefix = {arXiv},
  doi = {10.1016/j.physletb.2008.12.056},
  eprint = {0806.2363},
  file = {ArXiv pdf:http\://arxiv.org/pdf/0806.2363:PDF},
  owner = {ith},
  primaryclass = {hep-ph},
  slaccitation = {%%CITATION = 0806.2363;%%},
  timestamp = {2008.09.05}
}

@BOOK{book:liddle,
  title = {Cosmological Inflation and Large-Scale Structure},
  publisher = {Cambridge University Press},
  year = {2000},
  author = {Liddle, Andrew R. and Lyth, David H.},
  month = {April},
  howpublished = {Paperback},
  isbn = {0521575982},
  keywords = {cosmology inflation introduction},
  owner = {ith},
  priority = {0},
  timestamp = {2008.03.06}
}

@ARTICLE{LPB,
  author = {Liddle, Andrew R. and Parsons, Paul and Barrow, John D.},
  title = {{Formalizing the slow roll approximation in inflation}},
  journal = {Phys. Rev.},
  year = {1994},
  volume = {D50},
  pages = {7222-7232},
  archiveprefix = {arXiv},
  doi = {10.1103/PhysRevD.50.7222},
  eprint = {astro-ph/9408015},
  file = {ArXiv pdf:http\://arxiv.org/pdf/astro-ph/9408015:PDF},
  owner = {ith},
  slaccitation = {%%CITATION = ASTRO-PH/9408015;%%},
  timestamp = {2008.03.06}
}

@ARTICLE{Lidsey:2007wa,
  author = {Lidsey, James E.},
  title = {{Stretching the inflaton potential with kinetic energy}},
  journal = {Phys. Rev.},
  year = {2007},
  volume = {D76},
  pages = {043511},
  archiveprefix = {arXiv},
  doi = {10.1103/PhysRevD.76.043511},
  eprint = {hep-th/0703007},
  file = {ArXiv pdf:http\://arxiv.org/pdf/hep-th/0703007:PDF},
  owner = {ith},
  slaccitation = {%%CITATION = HEP-TH/0703007;%%},
  timestamp = {2008.08.29}
}

@ARTICLE{lidseyhuston,
  author = {Lidsey, James E. and Huston, Ian},
  title = {{Gravitational wave constraints on Dirac-Born-Infeld inflation}},
  journal = {JCAP},
  year = {2007},
  volume = {0707},
  pages = {002},
  archiveprefix = {arXiv},
  doi = {10.1088/1475-7516/2007/07/002},
  eprint = {0705.0240},
  file = {ArXiv pdf:http\://arxiv.org/pdf/0705.0240:PDF},
  owner = {ith},
  primaryclass = {hep-th},
  slaccitation = {%%CITATION = 0705.0240;%%},
  timestamp = {2008.03.06}
}

@ARTICLE{Lidsey:1995np,
  author = {Lidsey, James E. and others},
  title = {{Reconstructing the inflaton potential: An overview}},
  journal = {Rev. Mod. Phys.},
  year = {1997},
  volume = {69},
  pages = {373-410},
  archiveprefix = {arXiv},
  doi = {10.1103/RevModPhys.69.373},
  eprint = {astro-ph/9508078},
  file = {ArXiv pdf:http\://arxiv.org/pdf/astro-ph/9508078:PDF},
  owner = {ith},
  slaccitation = {%%CITATION = ASTRO-PH/9508078;%%},
  timestamp = {2008.03.06}
}

@ARTICLE{lidser2,
  author = {Lidsey, James E. and Seery, David},
  title = {{Primordial Non-Gaussianity and Gravitational Waves: Observational
	Tests of Brane Inflation in String Theory}},
  journal = {Phys. Rev.},
  year = {2007},
  volume = {D75},
  pages = {043505},
  archiveprefix = {arXiv},
  doi = {10.1103/PhysRevD.75.043505},
  eprint = {astro-ph/0610398},
  file = {ArXiv pdf:http\://arxiv.org/pdf/astro-ph/0610398:PDF},
  owner = {ith},
  slaccitation = {%%CITATION = ASTRO-PH/0610398;%%},
  timestamp = {2008.03.06}
}

@ARTICLE{lidser1,
  author = {Lidsey, James E. and Seery, David},
  title = {{An observational test of holographic inflation}},
  journal = {Phys. Rev.},
  year = {2006},
  volume = {D73},
  pages = {023516},
  archiveprefix = {arXiv},
  doi = {10.1103/PhysRevD.73.023516},
  eprint = {astro-ph/0511160},
  file = {ArXiv pdf:http\://arxiv.org/pdf/astro-ph/0511160:PDF},
  owner = {ith},
  slaccitation = {%%CITATION = ASTRO-PH/0511160;%%},
  timestamp = {2008.03.06}
}

@ARTICLE{Lidsey:1999mc,
  author = {Lidsey, James E. and Wands, David and Copeland, Edmund J.},
  title = {{Superstring cosmology}},
  journal = {Phys. Rept.},
  year = {2000},
  volume = {337},
  pages = {343-492},
  archiveprefix = {arXiv},
  doi = {10.1016/S0370-1573(00)00064-8},
  eprint = {hep-th/9909061},
  file = {ArXiv pdf:http\://arxiv.org/pdf/hep-th/9909061:PDF},
  owner = {ith},
  slaccitation = {%%CITATION = HEP-TH/9909061;%%},
  timestamp = {2008.03.06}
}

@ARTICLE{Liguori:2008vf,
  author = {Liguori, Michele and Riotto, Antonio},
  title = {{Impact of Uncertainties in the Cosmological Parameters on the Measurement
	of Primordial non-Gaussianity}},
  journal = {Phys. Rev.},
  year = {2008},
  volume = {D78},
  pages = {123004},
  archiveprefix = {arXiv},
  doi = {10.1103/PhysRevD.78.123004},
  eprint = {0808.3255},
  file = {ArXiv pdf:http\://arxiv.org/pdf/0808.3255:PDF},
  owner = {ith},
  primaryclass = {astro-ph},
  slaccitation = {%%CITATION = 0808.3255;%%},
  timestamp = {2008.08.26}
}

@ARTICLE{Linde:2005dd,
  author = {Linde, Andrei D.},
  title = {{Inflation and string cosmology}},
  journal = {ECONF},
  year = {2004},
  volume = {C040802},
  pages = {L024},
  archiveprefix = {arXiv},
  doi = {10.1088/1742-6596/24/1/018},
  eprint = {hep-th/0503195},
  file = {ArXiv pdf:http\://arxiv.org/pdf/hep-th/0503195:PDF},
  owner = {ith},
  slaccitation = {%%CITATION = HEP-TH/0503195;%%},
  timestamp = {2008.03.06}
}

@ARTICLE{Linde:1993cn,
  author = {Linde, Andrei D.},
  title = {{Hybrid inflation}},
  journal = {Phys. Rev.},
  year = {1994},
  volume = {D49},
  pages = {748-754},
  archiveprefix = {arXiv},
  doi = {10.1103/PhysRevD.49.748},
  eprint = {astro-ph/9307002},
  owner = {ian},
  slaccitation = {%%CITATION = ASTRO-PH/9307002;%%},
  timestamp = {2009.10.11}
}

@ARTICLE{Linde:1981mu,
  author = {Linde, Andrei D.},
  title = {{A New Inflationary Universe Scenario: A Possible Solution of the
	Horizon, Flatness, Homogeneity, Isotropy and Primordial Monopole
	Problems}},
  journal = {Phys. Lett.},
  year = {1982},
  volume = {B108},
  pages = {389-393},
  doi = {http://dx.doi.org/10.1016/0370-2693(82)91219-9},
  owner = {ith},
  slaccitation = {%%CITATION = PHLTA,B108,389;%%},
  timestamp = {2008.03.06}
}

@ARTICLE{Lorenz:2007ze,
  author = {Lorenz, Larissa and Martin, Jerome and Ringeval, Christophe},
  title = {{Brane inflation and the WMAP data: a Bayesian analysis}},
  journal = {JCAP},
  year = {2008},
  volume = {0804},
  pages = {001},
  archiveprefix = {arXiv},
  doi = {10.1088/1475-7516/2008/04/001},
  eprint = {0709.3758},
  file = {ArXiv pdf:http\://arxiv.org/pdf/0709.3758:PDF},
  owner = {ith},
  primaryclass = {hep-th},
  slaccitation = {%%CITATION = 0709.3758;%%},
  timestamp = {2008.03.06}
}

@ARTICLE{Lorenz:2008et,
  author = {Lorenz, Larissa and Martin, Jerome and Ringeval, Christophe},
  title = {{K-inflationary Power Spectra in the Uniform Approximation}},
  journal = {Phys. Rev.},
  year = {2008},
  volume = {D78},
  pages = {083513},
  archiveprefix = {arXiv},
  doi = {10.1103/PhysRevD.78.083513},
  eprint = {0807.3037},
  file = {ArXiv pdf:http\://arxiv.org/pdf/0807.3037:PDF},
  owner = {ith},
  primaryclass = {astro-ph},
  slaccitation = {%%CITATION = 0807.3037;%%},
  timestamp = {2008.08.04}
}

@ARTICLE{Lorenz:2008je,
  author = {Lorenz, Larissa and Martin, Jerome and Ringeval, Christophe},
  title = {{Constraints on Kinetically Modified Inflation from WMAP5}},
  journal = {Phys. Rev.},
  year = {2008},
  volume = {D78},
  pages = {063543},
  archiveprefix = {arXiv},
  doi = {10.1103/PhysRevD.78.063543},
  eprint = {0807.2414},
  file = {ArXiv pdf:http\://arxiv.org/pdf/0807.2414:PDF},
  keywords = {printed},
  owner = {ith},
  primaryclass = {astro-ph},
  slaccitation = {%%CITATION = 0807.2414;%%},
  timestamp = {2008.07.17}
}

@ARTICLE{Lyth:2007jh,
  author = {Lyth, David H.},
  title = {{The curvature perturbation in a box}},
  journal = {JCAP},
  year = {2007},
  volume = {0712},
  pages = {016},
  archiveprefix = {arXiv},
  doi = {10.1088/1475-7516/2007/12/016},
  eprint = {0707.0361},
  file = {ArXiv pdf:http\://arxiv.org/pdf/0707.0361:PDF},
  owner = {ith},
  primaryclass = {astro-ph},
  slaccitation = {%%CITATION = 0707.0361;%%},
  timestamp = {2008.11.13}
}

@ARTICLE{lyth,
  author = {Lyth, David H.},
  title = {{What would we learn by detecting a gravitational wave signal in
	the cosmic microwave background anisotropy?}},
  journal = {Phys. Rev. Lett.},
  year = {1997},
  volume = {78},
  pages = {1861-1863},
  archiveprefix = {arXiv},
  doi = {10.1103/PhysRevLett.78.1861},
  eprint = {hep-ph/9606387},
  file = {ArXiv pdf:http\://arxiv.org/pdf/hep-ph/9606387:PDF},
  owner = {ith},
  slaccitation = {%%CITATION = HEP-PH/9606387;%%},
  timestamp = {2008.03.06}
}

@BOOK{book:lyth,
  title = {The Primordial Density Perturbation: Cosmology, Inflation and the
	Origin of Structure},
  publisher = {Cambridge University Press},
  year = {2009},
  author = {David H. Lyth and Andrew R. Liddle},
  isbn = {9780521828499},
  owner = {ian},
  price = {$75.00},
  timestamp = {2009.08.31},
  totalpages = {516}
}

@ARTICLE{Lyth:2004gb,
  author = {Lyth, David H. and Malik, Karim A. and Sasaki, Misao},
  title = {{A general proof of the conservation of the curvature perturbation}},
  journal = {JCAP},
  year = {2005},
  volume = {0505},
  pages = {004},
  archiveprefix = {arXiv},
  doi = {10.1088/1475-7516/2005/05/004},
  eprint = {astro-ph/0411220},
  owner = {ith},
  slaccitation = {%%CITATION = ASTRO-PH/0411220;%%},
  timestamp = {2009.06.26}
}

@ARTICLE{Lyth:1998xn,
  author = {Lyth, David H. and Riotto, Antonio},
  title = {{Particle physics models of inflation and the cosmological density
	perturbation}},
  journal = {Phys. Rept.},
  year = {1999},
  volume = {314},
  pages = {1-146},
  archiveprefix = {arXiv},
  doi = {10.1016/S0370-1573(98)00128-8},
  eprint = {hep-ph/9807278},
  file = {ArXiv pdf:http\://arxiv.org/pdf/hep-ph/9807278:PDF},
  owner = {ith},
  slaccitation = {%%CITATION = HEP-PH/9807278;%%},
  timestamp = {2008.03.06}
}

@ARTICLE{Lyth:2005du,
  author = {Lyth, David H. and Rodriguez, Yeinzon},
  title = {{Non-Gaussianity from the second-order cosmological perturbation}},
  journal = {Phys. Rev.},
  year = {2005},
  volume = {D71},
  pages = {123508},
  archiveprefix = {arXiv},
  doi = {10.1103/PhysRevD.71.123508},
  eprint = {astro-ph/0502578},
  owner = {ith},
  slaccitation = {%%CITATION = ASTRO-PH/0502578;%%},
  timestamp = {2009.06.26}
}

@ARTICLE{Lyth:2005fi,
  author = {Lyth, David H. and Rodriguez, Yeinzon},
  title = {{The inflationary prediction for primordial non-Gaussianity}},
  journal = {Phys. Rev. Lett.},
  year = {2005},
  volume = {95},
  pages = {121302},
  archiveprefix = {arXiv},
  doi = {10.1103/PhysRevLett.95.121302},
  eprint = {astro-ph/0504045},
  owner = {ith},
  slaccitation = {%%CITATION = ASTRO-PH/0504045;%%},
  timestamp = {2009.06.26}
}

@ARTICLE{Lyth:2001nq,
  author = {Lyth, David H. and Wands, David},
  title = {{Generating the curvature perturbation without an inflaton}},
  journal = {Phys. Lett.},
  year = {2002},
  volume = {B524},
  pages = {5-14},
  archiveprefix = {arXiv},
  doi = {10.1016/S0370-2693(01)01366-1},
  eprint = {hep-ph/0110002},
  file = {ArXiv pdf:http\://arxiv.org/pdf/hep-ph/0110002:PDF},
  owner = {ith},
  slaccitation = {%%CITATION = HEP-PH/0110002;%%},
  timestamp = {2008.09.02}
}

@ARTICLE{Magueijo:2008sx,
  author = {Magueijo, Joao},
  title = {{Bimetric varying speed of light theories and primordial fluctuations}},
  journal = {Phys. Rev.},
  year = {2009},
  volume = {D79},
  pages = {043525},
  archiveprefix = {arXiv},
  doi = {10.1103/PhysRevD.79.043525},
  eprint = {0807.1689},
  file = {ArXiv pdf:http\://arxiv.org/pdf/0807.1689:PDF},
  keywords = {printed},
  owner = {ith},
  primaryclass = {gr-qc},
  slaccitation = {%%CITATION = 0807.1689;%%},
  timestamp = {2008.07.29}
}

@ARTICLE{Makarov:2005uh,
  author = {Makarov, Alexey},
  title = {{On the accuracy of slow-roll inflation given current observational
	constraints}},
  journal = {Phys. Rev.},
  year = {2005},
  volume = {D72},
  pages = {083517},
  archiveprefix = {arXiv},
  doi = {10.1103/PhysRevD.72.083517},
  eprint = {astro-ph/0506326},
  file = {ArXiv pdf:http\://arxiv.org/pdf/astro-ph/0506326:PDF},
  owner = {ith},
  slaccitation = {%%CITATION = ASTRO-PH/0506326;%%},
  timestamp = {2008.03.06}
}

@ARTICLE{Maldacena:2002vr,
  author = {Maldacena, Juan Martin},
  title = {{Non-Gaussian features of primordial fluctuations in single field
	inflationary models}},
  journal = {JHEP},
  year = {2003},
  volume = {05},
  pages = {013},
  archiveprefix = {arXiv},
  eprint = {astro-ph/0210603},
  owner = {ith},
  slaccitation = {%%CITATION = ASTRO-PH/0210603;%%},
  timestamp = {2009.06.26}
}

@ARTICLE{Maldacena:2000yy,
  author = {Maldacena, Juan Martin and Nunez, Carlos},
  title = {{Towards the large $N$ limit of pure $N=1$ super Yang Mills}},
  journal = {Phys. Rev. Lett.},
  year = {2001},
  volume = {86},
  pages = {588-591},
  archiveprefix = {arXiv},
  doi = {10.1103/PhysRevLett.86.588},
  eprint = {hep-th/0008001},
  owner = {ian},
  slaccitation = {%%CITATION = HEP-TH/0008001;%%},
  timestamp = {2009.10.31}
}

@ARTICLE{Malik:2006ir,
  author = {Malik, Karim A.},
  title = {{A not so short note on the Klein-Gordon equation at second order}},
  journal = {JCAP},
  year = {2007},
  volume = {0703},
  pages = {004},
  archiveprefix = {arXiv},
  eprint = {astro-ph/0610864},
  file = {ArXiv pdf:http\://arxiv.org/pdf/astro-ph/0610864:PDF},
  owner = {ith},
  slaccitation = {%%CITATION = ASTRO-PH/0610864;%%},
  timestamp = {2009.01.13}
}

@ARTICLE{Malik:2005cy,
  author = {Malik, Karim A.},
  title = {{Gauge-invariant perturbations at second order: multiple scalar fields
	on large scales}},
  journal = {JCAP},
  year = {2005},
  volume = {0511},
  pages = {005},
  archiveprefix = {arXiv},
  eprint = {astro-ph/0506532},
  file = {ArXiv pdf:http\://arxiv.org/pdf/astro-ph/0506532:PDF},
  owner = {ith},
  slaccitation = {%%CITATION = ASTRO-PH/0506532;%%},
  timestamp = {2009.02.09}
}

@ARTICLE{Malik:2001rm,
  author = {Malik, Karim Ali},
  title = {{Cosmological perturbations in an inflationary universe}},
  year = {2001},
  archiveprefix = {arXiv},
  eprint = {astro-ph/0101563},
  file = {ArXiv pdf:http\://arxiv.org/pdf/astro-ph/0101563:PDF},
  owner = {ith},
  slaccitation = {%%CITATION = ASTRO-PH/0101563;%%},
  timestamp = {2009.01.13}
}

@ARTICLE{Malik:2006pm,
  author = {Malik, Karim A. and Lyth, David H.},
  title = {{A numerical study of non-Gaussianity in the curvaton scenario}},
  journal = {JCAP},
  year = {2006},
  volume = {0609},
  pages = {008},
  archiveprefix = {arXiv},
  eprint = {astro-ph/0604387},
  keywords = {toread},
  owner = {ith},
  slaccitation = {%%CITATION = ASTRO-PH/0604387;%%},
  timestamp = {2009.07.03}
}

@ARTICLE{Malik:2008yp,
  author = {Malik, Karim A. and Matravers, David R.},
  title = {{A Concise Introduction to Perturbation Theory in Cosmology}},
  journal = {Class. Quant. Grav.},
  year = {2008},
  volume = {25},
  pages = {193001},
  archiveprefix = {arXiv},
  doi = {10.1088/0264-9381/25/19/193001},
  eprint = {0804.3276},
  file = {ArXiv pdf:http\://arxiv.org/pdf/0804.3276:PDF},
  owner = {ith},
  primaryclass = {astro-ph},
  slaccitation = {%%CITATION = 0804.3276;%%},
  timestamp = {2009.01.13}
}

@ARTICLE{Malik:2007nd,
  author = {Malik, Karim A. and Seery, David and Ananda, Kishore N.},
  title = {{Different approaches to the second order Klein-Gordon equation}},
  journal = {Class. Quant. Grav.},
  year = {2008},
  volume = {25},
  pages = {175008},
  archiveprefix = {arXiv},
  doi = {10.1088/0264-9381/25/17/175008},
  eprint = {0712.1787},
  file = {ArXiv pdf:http\://arxiv.org/pdf/0712.1787:PDF},
  owner = {ith},
  primaryclass = {astro-ph},
  slaccitation = {%%CITATION = 0712.1787;%%},
  timestamp = {2009.01.13}
}

@ARTICLE{Malik:2008im,
  author = {Malik, Karim A. and Wands, David},
  title = {{Cosmological perturbations}},
  journal = {Phys. Rept.},
  year = {2009},
  volume = {475},
  pages = {1-51},
  archiveprefix = {arXiv},
  doi = {10.1016/j.physrep.2009.03.001},
  eprint = {0809.4944},
  file = {ArXiv pdf:http\://arxiv.org/pdf/0809.4944:PDF},
  owner = {ith},
  primaryclass = {astro-ph},
  slaccitation = {%%CITATION = 0809.4944;%%},
  timestamp = {2009.01.13}
}

@ARTICLE{Malik2005,
  author = {Malik, Karim A. and Wands, David},
  title = {{Adiabatic and entropy perturbations with interacting fluids and
	fields}},
  journal = {JCAP},
  year = {2005},
  volume = {0502},
  pages = {007},
  archiveprefix = {arXiv},
  doi = {10.1088/1475-7516/2005/02/007},
  eprint = {astro-ph/0411703},
  owner = {ian},
  slaccitation = {%%CITATION = ASTRO-PH/0411703;%%},
  timestamp = {2009.08.26}
}

@ARTICLE{Malik:2003mv,
  author = {Malik, Karim A and Wands, David},
  title = {{Evolution of second-order cosmological perturbations}},
  journal = {Class. Quant. Grav.},
  year = {2004},
  volume = {21},
  pages = {L65-L72},
  archiveprefix = {arXiv},
  eprint = {astro-ph/0307055},
  file = {ArXiv pdf:http\://arxiv.org/pdf/astro-ph/0307055:PDF},
  owner = {ith},
  slaccitation = {%%CITATION = ASTRO-PH/0307055;%%},
  timestamp = {2009.01.13}
}

@ARTICLE{Martin:2006rs,
  author = {Martin, Jerome and Ringeval, Christophe},
  title = {{Inflation after WMAP3: Confronting the slow-roll and exact power
	spectra to CMB data}},
  journal = {JCAP},
  year = {2006},
  volume = {0608},
  pages = {009},
  archiveprefix = {arXiv},
  eprint = {astro-ph/0605367},
  file = {ArXiv pdf:http\://arxiv.org/pdf/astro-ph/0605367:PDF},
  keywords = {printed},
  owner = {ith},
  slaccitation = {%%CITATION = ASTRO-PH/0605367;%%},
  timestamp = {2008.03.06}
}

@ARTICLE{Mason2003b,
  author = {Mason, B. S. and others},
  title = {{The Anisotropy of the Microwave Background to $\ell = 3500$: Deep
	Field Observations with the Cosmic Background Imager}},
  journal = {Astrophys. J.},
  year = {2003},
  volume = {591},
  pages = {540-555},
  archiveprefix = {arXiv},
  doi = {10.1086/375507},
  eprint = {astro-ph/0205384},
  owner = {ian},
  slaccitation = {%%CITATION = ASTRO-PH/0205384;%%},
  timestamp = {2009.08.27}
}

@ARTICLE{McAllister:2007bg,
  author = {McAllister, Liam and Silverstein, Eva},
  title = {{String Cosmology: A Review}},
  journal = {Gen. Rel. Grav.},
  year = {2008},
  volume = {40},
  pages = {565-605},
  archiveprefix = {arXiv},
  doi = {10.1007/s10714-007-0556-6},
  eprint = {0710.2951},
  file = {ArXiv pdf:http\://arxiv.org/pdf/0710.2951:PDF},
  owner = {ith},
  primaryclass = {hep-th},
  slaccitation = {%%CITATION = 0710.2951;%%},
  timestamp = {2008.03.06}
}

@ARTICLE{McAllister:2008hb,
  author = {McAllister, Liam and Silverstein, Eva and Westphal, Alexander},
  title = {{Gravity Waves and Linear Inflation from Axion Monodromy}},
  year = {2008},
  archiveprefix = {arXiv},
  eprint = {0808.0706},
  file = {ArXiv pdf:http\://arxiv.org/pdf/0808.0706:PDF},
  owner = {ith},
  primaryclass = {hep-th},
  slaccitation = {%%CITATION = 0808.0706;%%},
  timestamp = {2008.08.06}
}

@ARTICLE{McEwen:2008kv,
  author = {McEwen, J. D. and Hobson, M. P. and Lasenby, A. N. and Mortlock,
	D. J.},
  title = {{A high-significance detection of non-Gaussianity in the WMAP 5-year
	data using directional spherical wavelets}},
  year = {2008},
  archiveprefix = {arXiv},
  eprint = {0803.2157},
  file = {ArXiv pdf:http\://arxiv.org/pdf/0803.2157:PDF},
  keywords = {toread},
  owner = {ith},
  primaryclass = {astro-ph},
  slaccitation = {%%CITATION = 0803.2157;%%},
  timestamp = {2008.03.17}
}

@ARTICLE{McNamara:2005ry,
  author = {McNamara, S. and Papageorgakis, C. and Ramgoolam, S. and Spence,
	B.},
  title = {{Finite N effects on the collapse of fuzzy spheres}},
  journal = {JHEP},
  year = {2006},
  volume = {05},
  pages = {060},
  archiveprefix = {arXiv},
  eprint = {hep-th/0512145},
  file = {ArXiv pdf:http\://arxiv.org/pdf/hep-th/0512145:PDF},
  owner = {ith},
  slaccitation = {%%CITATION = HEP-TH/0512145;%%},
  timestamp = {2008.03.06}
}

@ARTICLE{Mizuno:2009mv,
  author = {Mizuno, Shuntaro and Arroja, Frederico and Koyama, Kazuya},
  title = {{On the full trispectrum in multi-field DBI inflation}},
  journal = {Phys. Rev.},
  year = {2009},
  volume = {D80},
  pages = {083517},
  archiveprefix = {arXiv},
  doi = {10.1103/PhysRevD.80.083517},
  eprint = {0907.2439},
  owner = {ith},
  primaryclass = {hep-th},
  slaccitation = {%%CITATION = 0907.2439;%%},
  timestamp = {2009.07.16}
}

@ARTICLE{Mizuno:2009cv,
  author = {Mizuno, Shuntaro and Arroja, Frederico and Koyama, Kazuya and Tanaka,
	Takahiro},
  title = {{Lorentz boost and non-Gaussianity in multi-field DBI- inflation}},
  journal = {Phys. Rev.},
  year = {2009},
  volume = {D80},
  pages = {023530},
  archiveprefix = {arXiv},
  doi = {10.1103/PhysRevD.80.023530},
  eprint = {0905.4557},
  owner = {ian},
  primaryclass = {hep-th},
  slaccitation = {%%CITATION = 0905.4557;%%},
  timestamp = {2009.09.17}
}

@ARTICLE{Montroy2006,
  author = {Montroy, Thomas E. and others},
  title = {{A Measurement of the CMB $\langle EE \rangle$ Spectrum from the
	2003 Flight of BOOMERANG}},
  journal = {Astrophys. J.},
  year = {2006},
  volume = {647},
  pages = {813},
  archiveprefix = {arXiv},
  doi = {10.1086/505560},
  eprint = {astro-ph/0507514},
  owner = {ian},
  slaccitation = {%%CITATION = ASTRO-PH/0507514;%%},
  timestamp = {2009.08.27}
}

@ARTICLE{Mota:2006fz,
  author = {Mota, David F. and Shaw, Douglas J.},
  title = {{Evading equivalence principle violations, astrophysical and cosmological
	constraints in scalar field theories with a strong coupling to matter}},
  journal = {Phys. Rev.},
  year = {2007},
  volume = {D75},
  pages = {063501},
  archiveprefix = {arXiv},
  doi = {10.1103/PhysRevD.75.063501},
  eprint = {hep-ph/0608078},
  file = {ArXiv pdf:http\://arxiv.org/pdf/hep-ph/0608078:PDF},
  keywords = {toread, printed},
  owner = {ith},
  slaccitation = {%%CITATION = HEP-PH/0608078;%%},
  timestamp = {2008.03.12}
}

@BOOK{Mukhanov:2005sc,
  title = {{Physical foundations of cosmology}},
  publisher = {Cambridge, UK: Univ. Pr.},
  year = {2005},
  author = {Mukhanov, V.},
  pages = {421},
  note = {Cambridge, UK: Univ. Pr. (2005) 421 p},
  owner = {ith},
  timestamp = {2008.06.25}
}

@ARTICLE{Mukhanov:1988jd,
  author = {Mukhanov, Viatcheslav F.},
  title = {{Quantum Theory of Gauge Invariant Cosmological Perturbations}},
  journal = {Sov. Phys. JETP},
  year = {1988},
  volume = {67},
  pages = {1297-1302},
  owner = {ith},
  slaccitation = {%%CITATION = SPHJA,67,1297;%%},
  timestamp = {2009.02.09}
}

@ARTICLE{Mukhanov:1996ak,
  author = {Mukhanov, Viatcheslav F. and Abramo, L. Raul W. and Brandenberger,
	Robert H.},
  title = {{On the back reaction problem for gravitational perturbations}},
  journal = {Phys. Rev. Lett.},
  year = {1997},
  volume = {78},
  pages = {1624-1627},
  archiveprefix = {arXiv},
  doi = {10.1103/PhysRevLett.78.1624},
  eprint = {gr-qc/9609026},
  owner = {ith},
  slaccitation = {%%CITATION = GR-QC/9609026;%%},
  timestamp = {2009.06.26}
}

@ARTICLE{Mukhanov:1990me,
  author = {Mukhanov, Viatcheslav F. and Feldman, H. A. and Brandenberger, Robert
	H.},
  title = {{Theory of cosmological perturbations. Part 1. Classical perturbations.
	Part 2. Quantum theory of perturbations. Part 3. Extensions}},
  journal = {Phys. Rept.},
  year = {1992},
  volume = {215},
  pages = {203-333},
  doi = {10.1016/0370-1573(92)90044-Z},
  file = {PDF Download of report:home/network/ith/notes/Mukhanov-TheoryofCosmologicalPerturbations.pdf:PDF},
  slaccitation = {%%CITATION = PRPLC,215,203;%%}
}

@ARTICLE{Mukhanov:2005bu,
  author = {Mukhanov, Viatcheslav F. and Vikman, Alexander},
  title = {{Enhancing the tensor-to-scalar ratio in simple inflation}},
  journal = {JCAP},
  year = {2006},
  volume = {0602},
  pages = {004},
  archiveprefix = {arXiv},
  eprint = {astro-ph/0512066},
  file = {ArXiv pdf:http\://arxiv.org/pdf/astro-ph/0512066:PDF},
  owner = {ith},
  slaccitation = {%%CITATION = ASTRO-PH/0512066;%%},
  timestamp = {2008.03.06}
}

@ARTICLE{Mulryne:2008iq,
  author = {Mulryne, D. J. and Nunes, N. J.},
  title = {{Diffusing non-local inflation: Solving the field equations as an
	initial value problem}},
  journal = {Phys. Rev.},
  year = {2008},
  volume = {D78},
  pages = {063519},
  archiveprefix = {arXiv},
  doi = {10.1103/PhysRevD.78.063519},
  eprint = {0805.0449},
  file = {ArXiv pdf:http\://arxiv.org/pdf/0805.0449:PDF},
  owner = {ith},
  primaryclass = {hep-th},
  slaccitation = {%%CITATION = 0805.0449;%%},
  timestamp = {2008.08.29}
}

@ARTICLE{Musso:2006pt,
  author = {Musso, Marcello},
  title = {{A new diagrammatic representation for correlation functions in the
	in-in formalism}},
  year = {2006},
  archiveprefix = {arXiv},
  eprint = {hep-th/0611258},
  owner = {ith},
  slaccitation = {%%CITATION = HEP-TH/0611258;%%},
  timestamp = {2009.07.15}
}

@ARTICLE{myers2,
  author = {Myers, Robert C.},
  title = {{Nonabelian phenomena on D-branes}},
  journal = {Class. Quant. Grav.},
  year = {2003},
  volume = {20},
  pages = {S347-S372},
  archiveprefix = {arXiv},
  eprint = {hep-th/0303072},
  file = {ArXiv pdf:http\://arxiv.org/pdf/hep-th/0303072:PDF},
  owner = {ith},
  slaccitation = {%%CITATION = HEP-TH/0303072;%%},
  timestamp = {2008.03.06}
}

@ARTICLE{myers1,
  author = {Myers, Robert C.},
  title = {{Dielectric-branes}},
  journal = {JHEP},
  year = {1999},
  volume = {12},
  pages = {022},
  archiveprefix = {arXiv},
  eprint = {hep-th/9910053},
  file = {ArXiv pdf:http\://arxiv.org/pdf/hep-th/9910053:PDF},
  owner = {ith},
  slaccitation = {%%CITATION = HEP-TH/9910053;%%},
  timestamp = {2008.03.06}
}

@ARTICLE{Nakamura:2003wk,
  author = {Nakamura, Kouji},
  title = {{Gauge invariant variables in two-parameter nonlinear perturbations}},
  journal = {Prog. Theor. Phys.},
  year = {2003},
  volume = {110},
  pages = {723-755},
  archiveprefix = {arXiv},
  doi = {10.1143/PTP.110.723},
  eprint = {gr-qc/0303090},
  owner = {ith},
  slaccitation = {%%CITATION = GR-QC/0303090;%%},
  timestamp = {2009.06.26}
}

@ARTICLE{Nicholson:2009zj,
  author = {Nicholson, Gavin and Contaldi, Carlo R. and Paykari, Paniez},
  title = {{Reconstruction of the Primordial Power Spectrum by Direct Inversion}},
  year = {2009},
  archiveprefix = {arXiv},
  eprint = {0909.5092},
  keywords = {toread},
  owner = {ian},
  primaryclass = {astro-ph.CO},
  slaccitation = {%%CITATION = 0909.5092;%%},
  timestamp = {2009.09.29}
}

@ARTICLE{Nitta:2009jp,
  author = {Nitta, Daisuke and Komatsu, Eiichiro and Bartolo, Nicola and Matarrese,
	Sabino and Riotto, Antonio},
  title = {{CMB anisotropies at second order III: bispectrum from products of
	the first-order perturbations}},
  journal = {JCAP},
  year = {2009},
  volume = {0905},
  pages = {014},
  archiveprefix = {arXiv},
  doi = {10.1088/1475-7516/2009/05/014},
  eprint = {0903.0894},
  file = {ArXiv pdf:http\://arxiv.org/pdf/0903.0894:PDF},
  owner = {ith},
  primaryclass = {astro-ph.CO},
  slaccitation = {%%CITATION = 0903.0894;%%},
  timestamp = {2009.03.06}
}

@ARTICLE{Noh:2004bc,
  author = {Noh, Hyerim and Hwang, Jai-chan},
  title = {{Second-order perturbations of the Friedmann world model}},
  journal = {Phys. Rev.},
  year = {2004},
  volume = {D69},
  pages = {104011},
  doi = {10.1103/PhysRevD.69.104011},
  owner = {ith},
  slaccitation = {%%CITATION = PHRVA,D69,104011;%%},
  timestamp = {2009.06.26}
}

@ARTICLE{Olive:1999ij,
  author = {Olive, Keith A. and Steigman, Gary and Walker, Terry P.},
  title = {{Primordial Nucleosynthesis: Theory and Observations}},
  journal = {Phys. Rept.},
  year = {2000},
  volume = {333},
  pages = {389-407},
  archiveprefix = {arXiv},
  doi = {10.1016/S0370-1573(00)00031-4},
  eprint = {astro-ph/9905320},
  file = {ArXiv pdf:http\://arxiv.org/pdf/astro-ph/9905320:PDF},
  owner = {ith},
  slaccitation = {%%CITATION = ASTRO-PH/9905320;%%},
  timestamp = {2008.03.06}
}

@ARTICLE{Pahud:2008ae,
  author = {Pahud, Cedric and Kamionkowski, Marc and Liddle, Andrew R},
  title = {{Oscillations in the inflaton potential?}},
  journal = {Phys. Rev.},
  year = {2009},
  volume = {D79},
  pages = {083503},
  archiveprefix = {arXiv},
  doi = {10.1103/PhysRevD.79.083503},
  eprint = {0807.0322},
  file = {ArXiv pdf:http\://arxiv.org/pdf/0807.0322:PDF},
  keywords = {printed, toread},
  owner = {ith},
  primaryclass = {astro-ph},
  slaccitation = {%%CITATION = 0807.0322;%%},
  timestamp = {2008.07.04}
}

@ARTICLE{Panotopoulos:2007ky,
  author = {Panotopoulos, Grigoris},
  title = {{Detectable primordial non-Gaussianities and gravitational waves
	in k-inflation}},
  journal = {Phys. Rev.},
  year = {2007},
  volume = {D76},
  pages = {127302},
  archiveprefix = {arXiv},
  doi = {10.1103/PhysRevD.76.127302},
  eprint = {0712.1713},
  owner = {ian},
  primaryclass = {astro-ph},
  slaccitation = {%%CITATION = 0712.1713;%%},
  timestamp = {2009.09.17}
}

@ARTICLE{Peacock:2008uc,
  author = {Peacock, J. A.},
  title = {{A diatribe on expanding space}},
  year = {2008},
  archiveprefix = {arXiv},
  eprint = {0809.4573},
  file = {ArXiv pdf:http\://arxiv.org/pdf/0809.4573:PDF},
  owner = {ith},
  primaryclass = {astro-ph},
  slaccitation = {%%CITATION = 0809.4573;%%},
  timestamp = {2008.09.29}
}

@BOOK{book:peacock,
  title = {Cosmological Physics (Cambridge Astrophysics S.)},
  publisher = {{Cambridge University Press}},
  year = {1998},
  author = {Peacock, John A.},
  month = {December},
  howpublished = {Paperback},
  isbn = {0521422701},
  keywords = {book cosmology inflation introduction},
  owner = {ith},
  priority = {2},
  timestamp = {2008.03.06}
}

@ARTICLE{Peiris:2007gz,
  author = {Peiris, Hiranya V. and Baumann, Daniel and Friedman, Brett and Cooray,
	Asantha},
  title = {{Phenomenology of D-Brane Inflation with General Speed of Sound}},
  journal = {Phys. Rev.},
  year = {2007},
  volume = {D76},
  pages = {103517},
  archiveprefix = {arXiv},
  doi = {10.1103/PhysRevD.76.103517},
  eprint = {0706.1240},
  file = {ArXiv pdf:http\://arxiv.org/pdf/0706.1240:PDF},
  owner = {ith},
  primaryclass = {astro-ph},
  slaccitation = {%%CITATION = 0706.1240;%%},
  timestamp = {2008.03.06}
}

@ARTICLE{Peiris:2008be,
  author = {Peiris, Hiranya V. and Easther, Richard},
  title = {{Primordial Black Holes, Eternal Inflation, and the Inflationary
	Parameter Space after WMAP5}},
  journal = {JCAP},
  year = {2008},
  volume = {0807},
  pages = {024},
  archiveprefix = {arXiv},
  eprint = {0805.2154},
  file = {ArXiv pdf:http\://arxiv.org/pdf/0805.2154:PDF},
  owner = {ith},
  primaryclass = {astro-ph},
  slaccitation = {%%CITATION = 0805.2154;%%},
  timestamp = {2008.07.08}
}

@ARTICLE{Penzias:1965wn,
  author = {Penzias, Arno A. and Wilson, Robert Woodrow},
  title = {A Measurement of excess antenna temperature at 4080-{Mc/s}},
  journal = {Astrophys. J.},
  year = {1965},
  volume = {142},
  pages = {419-421},
  owner = {ith},
  slaccitation = {%%CITATION = ASJOA,142,419;%%},
  timestamp = {2008.03.06}
}

@ARTICLE{Percival2007,
  author = {Percival, Will J. and others},
  title = {{Measuring the Baryon Acoustic Oscillation scale using the SDSS and
	2dFGRS}},
  journal = {Mon. Not. Roy. Astron. Soc.},
  year = {2007},
  volume = {381},
  pages = {1053-1066},
  archiveprefix = {arXiv},
  doi = {10.1111/j.1365-2966.2007.12268.x},
  eprint = {0705.3323},
  owner = {ian},
  primaryclass = {astro-ph},
  slaccitation = {%%CITATION = 0705.3323;%%},
  timestamp = {2009.08.27}
}

@BOOK{book:peskin,
  title = {An Introduction to Quantum Field Theory},
  publisher = {HarperCollins Publishers},
  year = {1995},
  author = {Peskin, Michael E. and Schroeder, Daniel V.},
  howpublished = {Hardcover},
  isbn = {0201503972},
  keywords = {book fieldtheory},
  owner = {ith},
  priority = {0},
  timestamp = {2008.03.06},
  url = {http://www.amazon.fr/exec/obidos/ASIN/0201503972/citeulike04-21}
}

@ARTICLE{Piacentini2006,
  author = {Piacentini, Francesco and others},
  title = {{A measurement of the polarization-temperature angular cross power
	spectrum of the Cosmic Microwave Background from the 2003 flight
	of BOOMERANG}},
  journal = {Astrophys. J.},
  year = {2006},
  volume = {647},
  pages = {833},
  archiveprefix = {arXiv},
  doi = {10.1086/505557},
  eprint = {astro-ph/0507507},
  owner = {ian},
  slaccitation = {%%CITATION = ASTRO-PH/0507507;%%},
  timestamp = {2009.08.27}
}

@ARTICLE{planck,
  author = {{Planck Collaboration}},
  title = {{Planck: The Scientific Programme}},
  year = {2006},
  archiveprefix = {arXiv},
  eprint = {astro-ph/0604069},
  owner = {ian},
  slaccitation = {%%CITATION = ASTRO-PH/0604069;%%},
  timestamp = {2009.09.29}
}

@ARTICLE{Polchinski:1998rq,
  author = {Polchinski, J.},
  title = {{String theory. Vol. 1: An introduction to the bosonic string}},
  note = {Cambridge, UK: Univ. Pr. (1998) 402 p},
  __markedentry = {[ith]},
  owner = {ith},
  timestamp = {2009.08.06}
}

@ARTICLE{Polchinski:1998rr,
  author = {Polchinski, J.},
  title = {{String theory. Vol. 2: Superstring theory and beyond}},
  note = {Cambridge, UK: Univ. Pr. (1998) 531 p},
  __markedentry = {[ith]},
  owner = {ith},
  timestamp = {2009.08.06}
}

@ARTICLE{Polchinski1996,
  author = {Polchinski, Joseph and Chaudhuri, Shyamoli and Johnson, Clifford
	V.},
  title = {{Notes on D-Branes}},
  year = {1996},
  archiveprefix = {arXiv},
  eprint = {hep-th/9602052},
  owner = {ian},
  slaccitation = {%%CITATION = HEP-TH/9602052;%%},
  timestamp = {2009.08.04}
}

@ARTICLE{Ramgoolam:2004gw,
  author = {Ramgoolam, S. and Spence, Bill J. and Thomas, Steven},
  title = {{Resolving brane collapse with $1/N$ corrections in non-Abelian DBI}},
  journal = {Nucl. Phys.},
  year = {2004},
  volume = {B703},
  pages = {236-276},
  archiveprefix = {arXiv},
  doi = {10.1016/j.nuclphysb.2004.10.012},
  eprint = {hep-th/0405256},
  file = {ArXiv pdf:http\://arxiv.org/pdf/hep-th/0405256:PDF},
  owner = {ith},
  slaccitation = {%%CITATION = HEP-TH/0405256;%%},
  timestamp = {2008.03.06}
}

@ARTICLE{Randall1999,
  author = {Randall, Lisa and Sundrum, Raman},
  title = {{A large mass hierarchy from a small extra dimension}},
  journal = {Phys. Rev. Lett.},
  year = {1999},
  volume = {83},
  pages = {3370-3373},
  archiveprefix = {arXiv},
  doi = {10.1103/PhysRevLett.83.3370},
  eprint = {hep-ph/9905221},
  owner = {ian},
  slaccitation = {%%CITATION = HEP-PH/9905221;%%},
  timestamp = {2009.08.05}
}

@ARTICLE{RenauxPetel:2009sj,
  author = {Renaux-Petel, Sebastien},
  title = {{Combined local and equilateral non-Gaussianities from multifield
	DBI inflation}},
  journal = {JCAP},
  year = {2009},
  volume = {0910},
  pages = {012},
  archiveprefix = {arXiv},
  doi = {10.1088/1475-7516/2009/10/012},
  eprint = {0907.2476},
  owner = {ith},
  primaryclass = {hep-th},
  slaccitation = {%%CITATION = 0907.2476;%%},
  timestamp = {2009.07.16}
}

@ARTICLE{RenauxPetel:2008gi,
  author = {Renaux-Petel, Sebastien and Tasinato, Gianmassimo},
  title = {{Nonlinear perturbations of cosmological scalar fields with non-standard
	kinetic terms}},
  journal = {JCAP},
  year = {2009},
  volume = {0901},
  pages = {012},
  archiveprefix = {arXiv},
  doi = {10.1088/1475-7516/2009/01/012},
  eprint = {0810.2405},
  file = {ArXiv pdf:http\://arxiv.org/pdf/0810.2405:PDF},
  owner = {ith},
  primaryclass = {hep-th},
  slaccitation = {%%CITATION = 0810.2405;%%},
  timestamp = {2009.02.27}
}

@ARTICLE{Riess2007,
  author = {Riess, Adam G. and others},
  title = {{New Hubble Space Telescope Discoveries of Type Ia Supernovae at
	$z > 1$: Narrowing Constraints on the Early Behavior of Dark Energy}},
  journal = {Astrophys. J.},
  year = {2007},
  volume = {659},
  pages = {98-121},
  archiveprefix = {arXiv},
  doi = {10.1086/510378},
  eprint = {astro-ph/0611572},
  owner = {ian},
  slaccitation = {%%CITATION = ASTRO-PH/0611572;%%},
  timestamp = {2009.08.27}
}

@ARTICLE{Riess2004,
  author = {Riess, Adam G. and others},
  title = {{Type Ia Supernova Discoveries at $z>1$ From the Hubble Space Telescope:
	Evidence for Past Deceleration and Constraints on Dark Energy Evolution}},
  journal = {Astrophys. J.},
  year = {2004},
  volume = {607},
  pages = {665-687},
  archiveprefix = {arXiv},
  collaboration = {Supernova Search Team},
  doi = {10.1086/383612},
  eprint = {astro-ph/0402512},
  owner = {ian},
  slaccitation = {%%CITATION = ASTRO-PH/0402512;%%},
  timestamp = {2009.08.27}
}

@ARTICLE{Rigopoulos:2002mc,
  author = {Rigopoulos, Gerasimos},
  title = {{On second order gauge invariant perturbations in multi-field inflationary
	models}},
  journal = {Class. Quant. Grav.},
  year = {2004},
  volume = {21},
  pages = {1737-1754},
  archiveprefix = {arXiv},
  doi = {10.1088/0264-9381/21/7/002},
  eprint = {astro-ph/0212141},
  owner = {ith},
  slaccitation = {%%CITATION = ASTRO-PH/0212141;%%},
  timestamp = {2009.06.26}
}

@ARTICLE{Rigopoulos:2004gr,
  author = {Rigopoulos, Gerasimos I. and Shellard, E. P. S.},
  title = {{Non-linear inflationary perturbations}},
  journal = {JCAP},
  year = {2005},
  volume = {0510},
  pages = {006},
  archiveprefix = {arXiv},
  doi = {10.1088/1475-7516/2005/10/006},
  eprint = {astro-ph/0405185},
  owner = {ith},
  slaccitation = {%%CITATION = ASTRO-PH/0405185;%%},
  timestamp = {2009.06.26}
}

@ARTICLE{Rigopoulos:2005xx,
  author = {Rigopoulos, G. I. and Shellard, E. P. S. and van Tent, B. J. W.},
  title = {{Non-linear perturbations in multiple-field inflation}},
  journal = {Phys. Rev.},
  year = {2006},
  volume = {D73},
  pages = {083521},
  archiveprefix = {arXiv},
  doi = {10.1103/PhysRevD.73.083521},
  eprint = {astro-ph/0504508},
  owner = {ith},
  slaccitation = {%%CITATION = ASTRO-PH/0504508;%%},
  timestamp = {2009.06.26}
}

@ARTICLE{Rigopoulos:2004ba,
  author = {Rigopoulos, G. I. and Shellard, E. P. S. and van Tent, B. J. W.},
  title = {{A simple route to non-Gaussianity in inflation}},
  journal = {Phys. Rev.},
  year = {2005},
  volume = {D72},
  pages = {083507},
  archiveprefix = {arXiv},
  doi = {10.1103/PhysRevD.72.083507},
  eprint = {astro-ph/0410486},
  owner = {ith},
  slaccitation = {%%CITATION = ASTRO-PH/0410486;%%},
  timestamp = {2009.06.26}
}

@ARTICLE{Ringeval:2007am,
  author = {Ringeval, Christophe},
  title = {{The exact numerical treatment of inflationary models}},
  journal = {Lect. Notes Phys.},
  year = {2008},
  volume = {738},
  pages = {243-273},
  archiveprefix = {arXiv},
  doi = {10.1007/978-3-540-74353-8_7},
  eprint = {astro-ph/0703486},
  file = {ArXiv pdf:http\://arxiv.org/pdf/astro-ph/0703486:PDF},
  owner = {ith},
  slaccitation = {%%CITATION = ASTRO-PH/0703486;%%},
  timestamp = {2008.07.04}
}

@ARTICLE{Rossmanith:2009cy,
  author = {Rossmanith, G. and Raeth, C. and Banday, A. J. and Morfill, G.},
  title = {{Non-Gaussian Signatures in the five-year WMAP data as identified
	with isotropic scaling indices}},
  year = {2009},
  archiveprefix = {arXiv},
  eprint = {0905.2854},
  file = {ArXiv pdf:http\://arxiv.org/pdf/0905.2854:PDF},
  keywords = {toread},
  owner = {ith},
  primaryclass = {astro-ph.CO},
  slaccitation = {%%CITATION = 0905.2854;%%},
  timestamp = {2009.05.20}
}

@ARTICLE{Ruhl2003,
  author = {Ruhl, John E. and others},
  title = {{Improved measurement of the angular power spectrum of temperature
	anisotropy in the CMB from two new analyses of BOOMERANG observations}},
  journal = {Astrophys. J.},
  year = {2003},
  volume = {599},
  pages = {786-805},
  archiveprefix = {arXiv},
  doi = {10.1086/379345},
  eprint = {astro-ph/0212229},
  owner = {ian},
  slaccitation = {%%CITATION = ASTRO-PH/0212229;%%},
  timestamp = {2009.08.27}
}

@ARTICLE{Sakai1986,
  author = {Sakai, N. and Senda, I.},
  title = {{Vacuum Energies of String Compactified on Torus}},
  journal = {Prog. Theor. Phys.},
  year = {1986},
  volume = {75},
  pages = {692},
  doi = {10.1143/PTP.75.692},
  owner = {ian},
  slaccitation = {%%CITATION = PTPKA,75,692;%%},
  timestamp = {2009.08.04}
}

@ARTICLE{Salopek:1990jq,
  author = {Salopek, D. S. and Bond, J. R.},
  title = {{Nonlinear evolution of long wavelength metric fluctuations in inflationary
	models}},
  journal = {Phys. Rev.},
  year = {1990},
  volume = {D42},
  pages = {3936-3962},
  doi = {10.1103/PhysRevD.42.3936},
  owner = {ith},
  slaccitation = {%%CITATION = PHRVA,D42,3936;%%},
  timestamp = {2009.06.26}
}

@ARTICLE{Salopek:1988qh,
  author = {Salopek, D. S. and Bond, J. R. and Bardeen, James M.},
  title = {{Designing Density Fluctuation Spectra in Inflation}},
  journal = {Phys. Rev.},
  year = {1989},
  volume = {D40},
  pages = {1753},
  doi = {10.1103/PhysRevD.40.1753},
  keywords = {toread, printed},
  owner = {ith},
  slaccitation = {%%CITATION = PHRVA,D40,1753;%%},
  timestamp = {2008.06.25}
}

@ARTICLE{Saridakis:2009uk,
  author = {Saridakis, Emmanuel N. and Ward, John},
  title = {{Quintessence and phantom dark energy from ghost D-branes}},
  journal = {Phys. Rev.},
  year = {2009},
  volume = {D80},
  pages = {083003},
  archiveprefix = {arXiv},
  doi = {10.1103/PhysRevD.80.083003},
  eprint = {0906.5135},
  owner = {ian},
  primaryclass = {hep-th},
  slaccitation = {%%CITATION = 0906.5135;%%},
  timestamp = {2009.09.17}
}

@ARTICLE{Sasaki:2008uc,
  author = {Sasaki, Misao},
  title = {{Multi-brid inflation and non-Gaussianity}},
  journal = {Prog. Theor. Phys.},
  year = {2008},
  volume = {120},
  pages = {159-174},
  archiveprefix = {arXiv},
  doi = {10.1143/PTP.120.159},
  eprint = {0805.0974},
  file = {ArXiv pdf:http\://arxiv.org/pdf/0805.0974:PDF},
  owner = {ith},
  primaryclass = {astro-ph},
  slaccitation = {%%CITATION = 0805.0974;%%},
  timestamp = {2008.09.02}
}

@ARTICLE{Sasaki:1986hm,
  author = {Sasaki, Misao},
  title = {{Large Scale Quantum Fluctuations in the Inflationary Universe}},
  journal = {Prog. Theor. Phys.},
  year = {1986},
  volume = {76},
  pages = {1036},
  doi = {10.1143/PTP.76.1036},
  owner = {ith},
  slaccitation = {%%CITATION = PTPKA,76,1036;%%},
  timestamp = {2009.02.09}
}

@ARTICLE{Sasaki:1995aw,
  author = {Sasaki, Misao and Stewart, Ewan D.},
  title = {{A General analytic formula for the spectral index of the density
	perturbations produced during inflation}},
  journal = {Prog. Theor. Phys.},
  year = {1996},
  volume = {95},
  pages = {71-78},
  archiveprefix = {arXiv},
  doi = {10.1143/PTP.95.71},
  eprint = {astro-ph/9507001},
  owner = {ith},
  slaccitation = {%%CITATION = ASTRO-PH/9507001;%%},
  timestamp = {2009.06.26}
}

@ARTICLE{Sasaki:1998ug,
  author = {Sasaki, Misao and Tanaka, Takahiro},
  title = {{Super-horizon scale dynamics of multi-scalar inflation}},
  journal = {Prog. Theor. Phys.},
  year = {1998},
  volume = {99},
  pages = {763-782},
  archiveprefix = {arXiv},
  doi = {10.1143/PTP.99.763},
  eprint = {gr-qc/9801017},
  owner = {ith},
  slaccitation = {%%CITATION = GR-QC/9801017;%%},
  timestamp = {2009.06.26}
}

@ARTICLE{Satoh:2007gn,
  author = {Satoh, Masaki and Kanno, Sugumi and Soda, Jiro},
  title = {{Circular Polarization of Primordial Gravitational Waves in String-inspired
	Inflationary Cosmology}},
  journal = {Phys. Rev.},
  year = {2008},
  volume = {D77},
  pages = {023526},
  archiveprefix = {arXiv},
  doi = {10.1103/PhysRevD.77.023526},
  eprint = {0706.3585},
  file = {ArXiv pdf:http\://arxiv.org/pdf/0706.3585:PDF},
  keywords = {printed},
  owner = {ith},
  primaryclass = {astro-ph},
  printed = {True},
  review = {Very hard to understand due to bad English.},
  slaccitation = {%%CITATION = ARXIV:0706.3585;%%},
  timestamp = {2008.03.11}
}

@ARTICLE{lidser3,
  author = {Seery, David and Lidsey, James E.},
  title = {{Primordial non-Gaussianities in single field inflation}},
  journal = {JCAP},
  year = {2005},
  volume = {0506},
  pages = {003},
  archiveprefix = {arXiv},
  doi = {10.1088/1475-7516/2005/06/003},
  eprint = {astro-ph/0503692},
  file = {ArXiv pdf:http\://arxiv.org/pdf/astro-ph/0503692:PDF},
  owner = {ith},
  slaccitation = {%%CITATION = ASTRO-PH/0503692;%%},
  timestamp = {2008.03.06}
}

@ARTICLE{Seery:2005gb,
  author = {Seery, David and Lidsey, James E.},
  title = {{Primordial non-Gaussianities from multiple-field inflation}},
  journal = {JCAP},
  year = {2005},
  volume = {0509},
  pages = {011},
  archiveprefix = {arXiv},
  doi = {10.1088/1475-7516/2005/09/011},
  eprint = {astro-ph/0506056},
  owner = {ith},
  slaccitation = {%%CITATION = ASTRO-PH/0506056;%%},
  timestamp = {2009.06.26}
}

@ARTICLE{Seery:2006vu,
  author = {Seery, David and Lidsey, James E. and Sloth, Martin S.},
  title = {{The inflationary trispectrum}},
  journal = {JCAP},
  year = {2007},
  volume = {0701},
  pages = {027},
  archiveprefix = {arXiv},
  eprint = {astro-ph/0610210},
  owner = {ith},
  slaccitation = {%%CITATION = ASTRO-PH/0610210;%%},
  timestamp = {2009.06.26}
}

@ARTICLE{Seery:2008qj,
  author = {Seery, David and Malik, Karim A. and Lyth, David H.},
  title = {{Non-Gaussianity of inflationary field perturbations from the field
	equation}},
  journal = {JCAP},
  year = {2008},
  volume = {0803},
  pages = {014},
  archiveprefix = {arXiv},
  doi = {10.1088/1475-7516/2008/03/014},
  eprint = {0802.0588},
  owner = {ith},
  primaryclass = {astro-ph},
  slaccitation = {%%CITATION = 0802.0588;%%},
  timestamp = {2009.07.15}
}

@ARTICLE{Sefusatti:2009xu,
  author = {Sefusatti, Emiliano and Liguori, Michele and Yadav, Amit P. S. and
	Jackson, Mark G. and Pajer, Enrico},
  title = {{Constraining Running Non-Gaussianity}},
  year = {2009},
  archiveprefix = {arXiv},
  eprint = {0906.0232},
  owner = {ith},
  primaryclass = {astro-ph.CO},
  slaccitation = {%%CITATION = 0906.0232;%%},
  timestamp = {2009.06.02}
}

@ARTICLE{Seljak:1996gy,
  author = {Seljak, Uros and Zaldarriaga, Matias},
  title = {{Signature of gravity waves in polarization of the microwave background}},
  journal = {Phys. Rev. Lett.},
  year = {1997},
  volume = {78},
  pages = {2054-2057},
  archiveprefix = {arXiv},
  doi = {10.1103/PhysRevLett.78.2054},
  eprint = {astro-ph/9609169},
  owner = {ith},
  slaccitation = {%%CITATION = ASTRO-PH/9609169;%%},
  timestamp = {2010.03.30}
}

@ARTICLE{Sen:2008bg,
  author = {Sen, A. A. and Devi, N. Chandrachani},
  title = {{Cosmology With Non-Minimally Coupled K-Field}},
  year = {2009},
  archiveprefix = {arXiv},
  doi = {10.1007/s10714-009-0882-y},
  eprint = {0809.2852},
  file = {ArXiv pdf:http\://arxiv.org/pdf/0809.2852:PDF},
  owner = {ith},
  primaryclass = {astro-ph},
  slaccitation = {%%CITATION = 0809.2852;%%},
  timestamp = {2008.09.18}
}

@ARTICLE{witten2,
  author = {Sethi, S. and Vafa, C. and Witten, Edward},
  title = {{Constraints on low-dimensional string compactifications}},
  journal = {Nucl. Phys.},
  year = {1996},
  volume = {B480},
  pages = {213-224},
  archiveprefix = {arXiv},
  doi = {10.1016/S0550-3213(96)00483-X},
  eprint = {hep-th/9606122},
  file = {ArXiv pdf:http\://arxiv.org/pdf/hep-th/9606122:PDF},
  owner = {ith},
  slaccitation = {%%CITATION = HEP-TH/9606122;%%},
  timestamp = {2008.03.06}
}

@ARTICLE{brane7,
  author = {Shandera, Sarah and Shlaer, Benjamin and Stoica, Horace and Tye,
	S. H. Henry},
  title = {{Inter-brane interactions in compact spaces and brane inflation}},
  journal = {JCAP},
  year = {2004},
  volume = {0402},
  pages = {013},
  archiveprefix = {arXiv},
  doi = {10.1088/1475-7516/2004/02/013},
  eprint = {hep-th/0311207},
  file = {ArXiv pdf:http\://arxiv.org/pdf/hep-th/0311207:PDF},
  owner = {ith},
  slaccitation = {%%CITATION = HEP-TH/0311207;%%},
  timestamp = {2008.03.06}
}

@ARTICLE{brane18,
  author = {Shandera, Sarah E. and Tye, S. -H. Henry},
  title = {{Observing brane inflation}},
  journal = {JCAP},
  year = {2006},
  volume = {0605},
  pages = {007},
  archiveprefix = {arXiv},
  eprint = {hep-th/0601099},
  file = {ArXiv pdf:http\://arxiv.org/pdf/hep-th/0601099:PDF},
  owner = {ith},
  slaccitation = {%%CITATION = HEP-TH/0601099;%%},
  timestamp = {2008.03.06}
}

@ARTICLE{brane21,
  author = {Shiu, Gary and Underwood, Bret},
  title = {{Observing the Geometry of Warped Compactification via Cosmic Inflation}},
  journal = {Phys. Rev. Lett.},
  year = {2007},
  volume = {98},
  pages = {051301},
  archiveprefix = {arXiv},
  doi = {10.1103/PhysRevLett.98.051301},
  eprint = {hep-th/0610151},
  file = {ArXiv pdf:http\://arxiv.org/pdf/hep-th/0610151:PDF},
  owner = {ith},
  slaccitation = {%%CITATION = HEP-TH/0610151;%%},
  timestamp = {2008.03.06}
}

@ARTICLE{Sievers2007,
  author = {Sievers, Jonathan L. and others},
  title = {{Implications of the Cosmic Background Imager Polarization Data}},
  journal = {Astrophys. J.},
  year = {2007},
  volume = {660},
  pages = {976-987},
  archiveprefix = {arXiv},
  doi = {10.1086/510504},
  eprint = {astro-ph/0509203},
  owner = {ian},
  slaccitation = {%%CITATION = ASTRO-PH/0509203;%%},
  timestamp = {2009.08.27}
}

@ARTICLE{Sievers2003,
  author = {Sievers, J. L. and others},
  title = {{Cosmological Parameters from Cosmic Background Imager Observations
	and Comparisons with BOOMERANG, DASI, and MAXIMA}},
  journal = {Astrophys. J.},
  year = {2003},
  volume = {591},
  pages = {599-622},
  archiveprefix = {arXiv},
  doi = {10.1086/375510},
  eprint = {astro-ph/0205387},
  owner = {ian},
  slaccitation = {%%CITATION = ASTRO-PH/0205387;%%},
  timestamp = {2009.08.27}
}

@ARTICLE{brane6,
  author = {Silverstein, Eva and Tong, David},
  title = {{Scalar Speed Limits and Cosmology: Acceleration from D- cceleration}},
  journal = {Phys. Rev.},
  year = {2004},
  volume = {D70},
  pages = {103505},
  archiveprefix = {arXiv},
  doi = {10.1103/PhysRevD.70.103505},
  eprint = {hep-th/0310221},
  file = {ArXiv pdf:http\://arxiv.org/pdf/hep-th/0310221:PDF},
  owner = {ith},
  slaccitation = {%%CITATION = HEP-TH/0310221;%%},
  timestamp = {2008.03.06}
}

@ARTICLE{Silverstein:2008sg,
  author = {Silverstein, Eva and Westphal, Alexander},
  title = {{Monodromy in the CMB: Gravity Waves and String Inflation}},
  journal = {Phys. Rev.},
  year = {2008},
  volume = {D78},
  pages = {106003},
  archiveprefix = {arXiv},
  doi = {10.1103/PhysRevD.78.106003},
  eprint = {0803.3085},
  file = {ArXiv pdf:http\://arxiv.org/pdf/0803.3085:PDF},
  keywords = {printed},
  owner = {ith},
  primaryclass = {hep-th},
  slaccitation = {%%CITATION = 0803.3085;%%},
  timestamp = {2008.04.02}
}

@ARTICLE{Sinha:2005mn,
  author = {Sinha, Rita and Souradeep, Tarun},
  title = {{Post-WMAP Assessment of Infrared Cutoff in the Primordial Spectrum
	from Inflation}},
  journal = {Phys. Rev.},
  year = {2006},
  volume = {D74},
  pages = {043518},
  archiveprefix = {arXiv},
  doi = {10.1103/PhysRevD.74.043518},
  eprint = {astro-ph/0511808},
  owner = {ith},
  slaccitation = {%%CITATION = ASTRO-PH/0511808;%%},
  timestamp = {2009.07.07}
}

@ARTICLE{songknox,
  author = {Song, Yong-Seon and Knox, Lloyd},
  title = {{The detectability of departures from the inflationary consistency
	equation}},
  journal = {Phys. Rev.},
  year = {2003},
  volume = {D68},
  pages = {043518},
  archiveprefix = {arXiv},
  doi = {10.1103/PhysRevD.68.043518},
  eprint = {astro-ph/0305411},
  file = {ArXiv pdf:http\://arxiv.org/pdf/astro-ph/0305411:PDF},
  owner = {ith},
  slaccitation = {%%CITATION = ASTRO-PH/0305411;%%},
  timestamp = {2008.03.06}
}

@ARTICLE{Spalinski:2007un,
  author = {Spalinski, Michal},
  title = {{Inflation in DBI models with constant gamma}},
  journal = {JCAP},
  year = {2008},
  volume = {0804},
  pages = {002},
  archiveprefix = {arXiv},
  doi = {10.1088/1475-7516/2008/04/002},
  eprint = {0711.4326},
  owner = {ian},
  primaryclass = {astro-ph},
  slaccitation = {%%CITATION = 0711.4326;%%},
  timestamp = {2009.09.17}
}

@ARTICLE{spergel,
  author = {Spergel, D. N. and others},
  title = {{Wilkinson Microwave Anisotropy Probe (WMAP) three year results:
	Implications for cosmology}},
  journal = {Astrophys. J. Suppl.},
  year = {2007},
  volume = {170},
  pages = {377},
  archiveprefix = {arXiv},
  collaboration = {WMAP},
  doi = {10.1086/513700},
  eprint = {astro-ph/0603449},
  file = {ArXiv pdf:http\://arxiv.org/pdf/astro-ph/0603449:PDF},
  owner = {ith},
  slaccitation = {%%CITATION = ASTRO-PH 0603449;%%},
  timestamp = {2008.03.06}
}

@ARTICLE{Starobinsky:1986fxa,
  author = {Starobinsky, Alexei A.},
  title = {{Multicomponent de Sitter (Inflationary) Stages and the Generation
	of Perturbations}},
  journal = {JETP Lett.},
  year = {1985},
  volume = {42},
  pages = {152-155},
  note = {[Pisma Zh.\ Eksp.\ Teor.\ Fiz.\ {\bf 42} (1985) 124]},
  owner = {ith},
  slaccitation = {%%CITATION = JTPLA,42,152;%%},
  timestamp = {2009.07.06}
}

@ARTICLE{Starobinsky:1982ee,
  author = {Starobinsky, Alexei A.},
  title = {{Dynamics of Phase Transition in the New Inflationary Universe Scenario
	and Generation of Perturbations}},
  journal = {Phys. Lett.},
  year = {1982},
  volume = {B117},
  pages = {175-178},
  doi = {10.1016/0370-2693(82)90541-X},
  owner = {ith},
  slaccitation = {%%CITATION = PHLTA,B117,175;%%},
  timestamp = {2009.07.06}
}

@ARTICLE{Starobinsky:1980te,
  author = {Starobinsky, Alexei A.},
  title = {A new type of isotropic cosmological models without singularity},
  journal = {Phys. Lett.},
  year = {1980},
  volume = {B91},
  pages = {99-102},
  owner = {ith},
  slaccitation = {%%CITATION = PHLTA,B91,99;%%},
  timestamp = {2008.03.06}
}

@ARTICLE{Stewart:1993bc,
  author = {Stewart, Ewan D. and Lyth, David H.},
  title = {{A more accurate analytic calculation of the spectrum of cosmological
	perturbations produced during inflation}},
  journal = {Phys. Lett.},
  year = {1993},
  volume = {B302},
  pages = {171-175},
  archiveprefix = {arXiv},
  doi = {10.1016/0370-2693(93)90379-V},
  eprint = {gr-qc/9302019},
  file = {ArXiv pdf:http\://arxiv.org/pdf/gr-qc/9302019:PDF},
  owner = {ith},
  slaccitation = {%%CITATION = GR-QC/9302019;%%},
  timestamp = {2008.03.06}
}

@ARTICLE{Sudarsky:2009za,
  author = {Sudarsky, Daniel},
  title = {{Shortcomings in the Understanding of Why Cosmological Perturbations
	Look Classical}},
  year = {2009},
  archiveprefix = {arXiv},
  eprint = {0906.0315},
  owner = {ith},
  primaryclass = {gr-qc},
  slaccitation = {%%CITATION = 0906.0315;%%},
  timestamp = {2009.06.02}
}

@ARTICLE{Suyama:2008nt,
  author = {Suyama, Teruaki and Takahashi, Fuminobu},
  title = {{Non-Gaussianity from Symmetry}},
  journal = {JCAP},
  year = {2008},
  volume = {0809},
  pages = {007},
  archiveprefix = {arXiv},
  doi = {10.1088/1475-7516/2008/09/007},
  eprint = {0804.0425},
  file = {ArXiv pdf:http\://arxiv.org/pdf/0804.0425:PDF},
  owner = {ith},
  primaryclass = {astro-ph},
  slaccitation = {%%CITATION = 0804.0425;%%},
  timestamp = {2008.09.02}
}

@ARTICLE{clover,
  author = {Taylor, Angela C. and others},
  title = {{Clover: A new instrument for measuring the B-mode polarization of
	the CMB}},
  year = {2004},
  archiveprefix = {arXiv},
  eprint = {astro-ph/0407148},
  file = {ArXiv pdf:http\://arxiv.org/pdf/astro-ph/0407148:PDF},
  owner = {ith},
  slaccitation = {%%CITATION = ASTRO-PH/0407148;%%},
  timestamp = {2008.03.06}
}

@ARTICLE{thomasward,
  author = {Thomas, Steven and Ward, John},
  title = {{IR Inflation from Multiple Branes}},
  journal = {Phys. Rev.},
  year = {2007},
  volume = {D76},
  pages = {023509},
  archiveprefix = {arXiv},
  doi = {10.1103/PhysRevD.76.023509},
  eprint = {hep-th/0702229},
  file = {ArXiv pdf:http\://arxiv.org/pdf/hep-th/0702229:PDF},
  owner = {ith},
  slaccitation = {%%CITATION = HEP-TH/0702229;%%},
  timestamp = {2008.03.06}
}

@ARTICLE{dual1,
  author = {Thomas, Steven and Ward, John},
  title = {{Non-Abelian (p,q) strings in the warped deformed conifold}},
  journal = {JHEP},
  year = {2006},
  volume = {12},
  pages = {057},
  archiveprefix = {arXiv},
  eprint = {hep-th/0605099},
  file = {ArXiv pdf:http\://arxiv.org/pdf/hep-th/0605099:PDF},
  owner = {ith},
  slaccitation = {%%CITATION = HEP-TH/0605099;%%},
  timestamp = {2008.03.06}
}

@BOOK{book:kip,
  title = {Gravitation (Physics Series)},
  publisher = {{W. H. Freeman}},
  year = {1973},
  author = {Thorne, Kip S. and Misner, Charles W. and Wheeler, John A.},
  month = {September},
  citeulike-article-id = {553445},
  howpublished = {Paperback},
  isbn = {0716703440},
  keywords = {book gr introduction maths},
  owner = {ith},
  priority = {2},
  timestamp = {2008.03.06}
}

@ARTICLE{Tolley:2008qv,
  author = {Tolley, Andrew J. and Wyman, Mark},
  title = {{Stochastic tunneling in DBI inflation}},
  journal = {JCAP},
  year = {2009},
  volume = {0910},
  pages = {006},
  archiveprefix = {arXiv},
  doi = {10.1088/1475-7516/2009/10/006},
  eprint = {0809.1100},
  file = {ArXiv pdf:http\://arxiv.org/pdf/0809.1100:PDF},
  owner = {ith},
  primaryclass = {hep-th},
  slaccitation = {%%CITATION = 0809.1100;%%},
  timestamp = {2009.02.27}
}

@ARTICLE{Tolley:2008na,
  author = {Tolley, Andrew J. and Wyman, Mark},
  title = {{Stochastic Inflation Revisited: Non-Slow Roll Statistics and DBI
	Inflation}},
  journal = {JCAP},
  year = {2008},
  volume = {0804},
  pages = {028},
  archiveprefix = {arXiv},
  doi = {10.1088/1475-7516/2008/04/028},
  eprint = {0801.1854},
  file = {ArXiv pdf:http\://arxiv.org/pdf/0801.1854:PDF},
  keywords = {printed},
  owner = {ith},
  primaryclass = {hep-th},
  slaccitation = {%%CITATION = 0801.1854;%%},
  timestamp = {2008.03.11}
}

@ARTICLE{Tomita:2005et,
  author = {Tomita, Kenji},
  title = {{Relativistic second-order perturbations of nonzero-Lambda flat cosmological
	models and CMB anisotropies}},
  journal = {Phys. Rev.},
  year = {2005},
  volume = {D71},
  pages = {083504},
  archiveprefix = {arXiv},
  doi = {10.1103/PhysRevD.71.083504},
  eprint = {astro-ph/0501663},
  owner = {ith},
  slaccitation = {%%CITATION = ASTRO-PH/0501663;%%},
  timestamp = {2009.06.26}
}

@ARTICLE{Tomita:2005nu,
  author = {Tomita, Kenji},
  title = {{Second-order gravitational effects of local inhomogeneities on CMB
	anisotropies and non-Gaussian signatures}},
  journal = {Phys. Rev.},
  year = {2005},
  volume = {D72},
  pages = {103506},
  archiveprefix = {arXiv},
  doi = {10.1103/PhysRevD.72.103506},
  eprint = {astro-ph/0509518},
  owner = {ith},
  slaccitation = {%%CITATION = ASTRO-PH/0509518;%%},
  timestamp = {2009.07.06}
}

@ARTICLE{Tomita:1967,
  author = {{Tomita}, K.},
  title = {{Non-Linear Theory of Gravitational Instability in the Expanding
	Universe}},
  journal = {Progress of Theoretical Physics},
  year = {1967},
  volume = {37},
  pages = {831-846},
  adsnote = {Provided by the SAO/NASA Astrophysics Data System},
  adsurl = {http://adsabs.harvard.edu/abs/1967PThPh..37..831T},
  doi = {10.1143/PTP.37.831},
  owner = {ith},
  timestamp = {2009.07.06}
}

@ARTICLE{Trotta:2008qt,
  author = {Trotta, Roberto},
  title = {{Bayes in the sky: Bayesian inference and model selection in cosmology}},
  journal = {Contemp. Phys.},
  year = {2008},
  volume = {49},
  pages = {71-104},
  archiveprefix = {arXiv},
  eprint = {0803.4089},
  file = {ArXiv pdf:http\://arxiv.org/pdf/0803.4089:PDF},
  keywords = {toread},
  owner = {ith},
  primaryclass = {astro-ph},
  slaccitation = {%%CITATION = 0803.4089;%%},
  timestamp = {2008.04.02}
}

@ARTICLE{Tseytlin,
  author = {Tseytlin, Arkady A.},
  title = {{On non-abelian generalisation of the Born-Infeld action in string
	theory}},
  journal = {Nucl. Phys.},
  year = {1997},
  volume = {B501},
  pages = {41-52},
  archiveprefix = {arXiv},
  comment = {definition of symmetrised trace},
  doi = {10.1016/S0550-3213(97)00354-4},
  eprint = {hep-th/9701125},
  file = {ArXiv pdf:http\://arxiv.org/pdf/hep-th/9701125:PDF},
  owner = {ith},
  slaccitation = {%%CITATION = HEP-TH/9701125;%%},
  timestamp = {2008.03.06}
}

@ARTICLE{Tzirakis:2008qy,
  author = {Tzirakis, Konstantinos and Kinney, William H.},
  title = {{Non-canonical generalizations of slow-roll inflation models}},
  journal = {JCAP},
  year = {2009},
  volume = {0901},
  pages = {028},
  archiveprefix = {arXiv},
  doi = {10.1088/1475-7516/2009/01/028},
  eprint = {0810.0270},
  owner = {ian},
  primaryclass = {astro-ph},
  slaccitation = {%%CITATION = 0810.0270;%%},
  timestamp = {2009.09.17}
}

@ARTICLE{Unruh1976a,
  author = {Unruh, W. G.},
  title = {{Notes on black hole evaporation}},
  journal = {Phys. Rev.},
  year = {1976},
  volume = {D14},
  pages = {870},
  doi = {10.1103/PhysRevD.14.870},
  owner = {ian},
  slaccitation = {%%CITATION = PHRVA,D14,870;%%},
  timestamp = {2009.08.27}
}

@ARTICLE{Urrestilla:2008jv,
  author = {Urrestilla, Jon and others},
  title = {{On the degeneracy between primordial tensor modes and cosmic strings
	in future CMB data from Planck}},
  journal = {Phys. Rev.},
  year = {2008},
  volume = {D77},
  pages = {123005},
  archiveprefix = {arXiv},
  doi = {10.1103/PhysRevD.77.123005},
  eprint = {0803.2059},
  file = {ArXiv pdf:http\://arxiv.org/pdf/0803.2059:PDF},
  owner = {ith},
  primaryclass = {astro-ph},
  slaccitation = {%%CITATION = 0803.2059;%%},
  timestamp = {2008.03.19}
}

@ARTICLE{vpj,
  author = {Verde, Licia and Peiris, Hiranya and Jimenez, Raul},
  title = {{Optimizing CMB polarization experiments to constrain inflationary
	physics}},
  journal = {JCAP},
  year = {2006},
  volume = {0601},
  pages = {019},
  archiveprefix = {arXiv},
  eprint = {astro-ph/0506036},
  file = {ArXiv pdf:http\://arxiv.org/pdf/astro-ph/0506036:PDF},
  owner = {ith},
  slaccitation = {%%CITATION = ASTRO-PH/0506036;%%},
  timestamp = {2008.03.06}
}

@ARTICLE{Vernizzi:2004nc,
  author = {Vernizzi, Filippo},
  title = {{On the conservation of second-order cosmological perturbations in
	a scalar field dominated Universe}},
  journal = {Phys. Rev.},
  year = {2005},
  volume = {D71},
  pages = {061301},
  archiveprefix = {arXiv},
  doi = {10.1103/PhysRevD.71.061301},
  eprint = {astro-ph/0411463},
  owner = {ith},
  slaccitation = {%%CITATION = ASTRO-PH/0411463;%%},
  timestamp = {2009.06.26}
}

@ARTICLE{Vikman:2007sj,
  author = {Vikman, Alexander},
  title = {{K-essence: cosmology, causality and emergent geometry}},
  owner = {ian},
  timestamp = {2009.09.17}
}

@ARTICLE{Vikman:2006hk,
  author = {Vikman, Alexander},
  title = {{Inflation with large gravitational waves}},
  year = {2006},
  archiveprefix = {arXiv},
  eprint = {astro-ph/0606033},
  file = {ArXiv pdf:http\://arxiv.org/pdf/astro-ph/0606033:PDF},
  owner = {ith},
  slaccitation = {%%CITATION = ASTRO-PH/0606033;%%},
  timestamp = {2008.03.06}
}

@BOOK{Vretblad:2005,
  title = {{Fourier Analysis and Its Applications (Graduate Texts in Mathematics)}},
  publisher = {Springer},
  year = {2005},
  author = {Anders Vretblad},
  isbn = {0387008365}
}

@ARTICLE{Ward:2007gs,
  author = {Ward, John},
  title = {{DBI N-flation}},
  journal = {JHEP},
  year = {2007},
  volume = {12},
  pages = {045},
  archiveprefix = {arXiv},
  doi = {10.1088/1126-6708/2007/12/045},
  eprint = {0711.0760},
  file = {ArXiv pdf:http\://arxiv.org/pdf/0711.0760:PDF},
  owner = {ith},
  primaryclass = {hep-th},
  slaccitation = {%%CITATION = 0711.0760;%%},
  timestamp = {2008.03.06}
}

@ARTICLE{Waterhouse:2006wv,
  author = {Waterhouse, Thomas P.},
  title = {{An introduction to chameleon gravity}},
  year = {2006},
  archiveprefix = {arXiv},
  eprint = {astro-ph/0611816},
  file = {ArXiv pdf:http\://arxiv.org/pdf/astro-ph/0611816:PDF},
  keywords = {toread, printed},
  owner = {ith},
  slaccitation = {%%CITATION = ASTRO-PH/0611816;%%},
  timestamp = {2008.03.12}
}

@BOOK{Weinberg200804,
  title = {Cosmology},
  publisher = {Oxford University Press},
  year = {2008},
  author = {Steven Weinberg},
  pages = {544},
  month = {4},
  isbn = {9780198526827},
  timestamp = {2010.03.12},
  user = {ith}
}

@ARTICLE{Weinberg:2008nf,
  author = {Weinberg, Steven},
  title = {{Non-Gaussian Correlations Outside the Horizon}},
  journal = {Phys. Rev.},
  year = {2008},
  volume = {D78},
  pages = {123521},
  archiveprefix = {arXiv},
  doi = {10.1103/PhysRevD.78.123521},
  eprint = {0808.2909},
  file = {ArXiv pdf:http\://arxiv.org/pdf/0808.2909:PDF},
  owner = {ith},
  primaryclass = {hep-th},
  slaccitation = {%%CITATION = 0808.2909;%%},
  timestamp = {2008.08.22}
}

@ARTICLE{Wesley:2008de,
  author = {Wesley, Daniel H.},
  title = {{New no-go theorems for cosmic acceleration with extra dimensions}},
  year = {2008},
  archiveprefix = {arXiv},
  eprint = {0802.2106},
  file = {ArXiv pdf:http\://arxiv.org/pdf/0802.2106:PDF},
  keywords = {printed},
  owner = {ith},
  primaryclass = {hep-th},
  slaccitation = {%%CITATION = 0802.2106;%%},
  timestamp = {2008.03.11}
}

@BOOK{book:bagger,
  title = {Supersymmetry and Supergravity},
  publisher = {{Princeton University Press}},
  year = {1992},
  author = {Wess, Julius and Bagger, Jonathan},
  month = {March},
  citeulike-article-id = {841977},
  howpublished = {Paperback},
  isbn = {0691025304},
  keywords = {book susy},
  owner = {ith},
  priority = {2},
  timestamp = {2008.03.06}
}

@ARTICLE{witten1,
  author = {Witten, Edward},
  title = {{Phase Transitions In M-Theory And F-Theory}},
  journal = {Nucl. Phys.},
  year = {1996},
  volume = {B471},
  pages = {195-216},
  archiveprefix = {arXiv},
  doi = {10.1016/0550-3213(96)00212-X},
  eprint = {hep-th/9603150},
  file = {ArXiv pdf:http\://arxiv.org/pdf/hep-th/9603150:PDF},
  owner = {ith},
  slaccitation = {%%CITATION = HEP-TH/9603150;%%},
  timestamp = {2008.03.06}
}

@ARTICLE{Wood-Vasey2007,
  author = {Wood-Vasey, W. Michael and others},
  title = {{Observational Constraints on the Nature of the Dark Energy: First
	Cosmological Results from the ESSENCE Supernova Survey}},
  journal = {Astrophys. J.},
  year = {2007},
  volume = {666},
  pages = {694-715},
  archiveprefix = {arXiv},
  collaboration = {ESSENCE},
  doi = {10.1086/518642},
  eprint = {astro-ph/0701041},
  owner = {ian},
  slaccitation = {%%CITATION = ASTRO-PH/0701041;%%},
  timestamp = {2009.08.27}
}

@ARTICLE{Yadav:2007yy,
  author = {Yadav, Amit P. S. and Wandelt, Benjamin D.},
  title = {{Evidence of Primordial Non-Gaussianity $\fnl$ in the Wilkinson Microwave
	Anisotropy Probe 3-Year Data at 2.8$\sigma$}},
  journal = {Phys. Rev. Lett.},
  year = {2008},
  volume = {100},
  pages = {181301},
  archiveprefix = {arXiv},
  doi = {10.1103/PhysRevLett.100.181301},
  eprint = {0712.1148},
  file = {ArXiv pdf:http\://arxiv.org/pdf/0712.1148:PDF},
  owner = {ith},
  primaryclass = {astro-ph},
  slaccitation = {%%CITATION = 0712.1148;%%},
  timestamp = {2008.03.06}
}

@ARTICLE{Yau1977,
  author = {Yau, Shing-Tung},
  title = {{Calabi's Conjecture and some new results in algebraic geometry}},
  journal = {Proc. Nat. Acad. Sci.},
  year = {1977},
  volume = {74},
  pages = {1798-1799},
  doi = {10.1073/pnas.74.5.1798},
  owner = {ian},
  slaccitation = {%%CITATION = PNASA,74,1798;%%},
  timestamp = {2009.08.03}
}

@ARTICLE{York:2000gk,
  author = {York, Donald G. and others},
  title = {{The Sloan Digital Sky Survey: technical summary}},
  journal = {Astron. J.},
  year = {2000},
  volume = {120},
  pages = {1579-1587},
  archiveprefix = {arXiv},
  collaboration = {SDSS},
  doi = {10.1086/301513},
  eprint = {astro-ph/0006396},
  owner = {ian},
  slaccitation = {%%CITATION = ASTRO-PH/0006396;%%},
  timestamp = {2009.08.31}
}

@BOOK{book:zee,
  title = {Quantum Field Theory in a Nutshell},
  publisher = {{Princeton University Press}},
  year = {2003},
  author = {Zee, Anthony},
  month = {March},
  howpublished = {Hardcover},
  isbn = {0691010196},
  keywords = {book fieldtheory},
  owner = {ith},
  priority = {0},
  timestamp = {2008.03.06},
  url = {http://www.amazon.fr/exec/obidos/ASIN/0691010196/citeulike04-21}
}

@ARTICLE{Zeng:2004as,
  author = {Zeng, Ding-Fang and Gao, Yi-Hong},
  title = {{Primordial power spectrum's calculation and the upper bound on the
	number of e-foldings of inflation}},
  year = {2004},
  archiveprefix = {arXiv},
  eprint = {astro-ph/0409590},
  file = {ArXiv pdf:http\://arxiv.org/pdf/astro-ph/0409590:PDF},
  keywords = {printed},
  owner = {ith},
  review = {Describe in some detail the numerical calculation of first order perturbations
	and come up with some important notes.
	
	Esp that $a$ is a better independent variable than $\ln a$ for the
	numerics.},
  slaccitation = {%%CITATION = ASTRO-PH/0409590;%%},
  timestamp = {2008.08.21}
}

@comment{jabref-meta: selector_description:dbi;inflation;}

@comment{jabref-meta: selector_publisher:}

@comment{jabref-meta: selector_author:}

@comment{jabref-meta: selector_journal:}

@comment{jabref-meta: selector_keywords:printed;read;tocite;}

@comment{jabref-meta: groupsversion:3;}

@comment{jabref-meta: groupstree:
0 AllEntriesGroup:;
1 KeywordGroup:Printed papers\;0\;keywords\;printed\;0\;0\;;
1 KeywordGroup:To Read\;0\;keywords\;toread\;0\;0\;;
1 SearchGroup:Eprints\;0\;eprint=\\\\S\;0\;1\;;
1 ExplicitGroup:Reviews\;0\;Alabidi:2008ej\;Bartolo:2004if\;Brax:2007t
k\;Gregory:2008rf\;Johnson2000\;Lidsey:1999mc\;Linde:2005dd\;Lorenz:20
08je\;McAllister:2007bg\;Mukhanov:2005sc\;Polchinski1996\;Sefusatti:20
09xu\;Sudarsky:2009za\;cline\;douglas\;tyereview\;;
1 ExplicitGroup:Paper 3: Perturbation computation\;0\;Acquaviva:2002ud
\;Assadullahi:2009nf\;Bardeen:1980kt\;Barnaby:2006cq\;Bartolo:2001cw\;
Bartolo:2003bz\;Bartolo:2004if\;Bernardeau:2001qr\;Bernardeau:2002jf\;
Bernardeau:2002jy\;Bruni:1996im\;Callin:2006qx\;Carlson:2009it\;Cheung
:2007sv\;Enqvist:2004bk\;Finelli:2003bp\;Finelli:2006wk\;Habib:2005mh\
;Huang:2000bh\;Kim:2009pf\;Langlois:2005ii\;Langlois:2006vv\;Linde:199
3cn\;Lyth:2004gb\;Lyth:2005du\;Lyth:2005fi\;Maldacena:2002vr\;Malik200
5\;Malik:2001rm\;Malik:2003mv\;Malik:2005cy\;Malik:2006ir\;Malik:2006p
m\;Malik:2008yp\;Martin:2006rs\;Mukhanov:1988jd\;Mukhanov:1990me\;Mukh
anov:1996ak\;Musso:2006pt\;Nakamura:2003wk\;Nitta:2009jp\;Noh:2004bc\;
Rigopoulos:2002mc\;Rigopoulos:2004ba\;Rigopoulos:2004gr\;Rigopoulos:20
05xx\;Salopek:1988qh\;Salopek:1990jq\;Sasaki:1986hm\;Sasaki:1995aw\;Sa
saki:1998ug\;Seery:2005gb\;Seery:2006vu\;Seery:2008qj\;Sinha:2005mn\;S
tarobinsky:1982ee\;Starobinsky:1986fxa\;Sudarsky:2009za\;Tomita:1967\;
Tomita:2005et\;Tomita:2005nu\;Vernizzi:2004nc\;Vretblad:2005\;Zeng:200
4as\;book:liddle\;hustonmalik\;lidser3\;;
1 ExplicitGroup:New research areas\;0\;Barnaby:2007yb\;Barnaby:2008fk\
;Christopherson:2008ry\;;
1 ExplicitGroup:DBI and resolved conifolds\;0\;Arroja:2009pd\;Bessada:
2009pe\;Bird:2009pq\;Brummer2006\;Butcher:2008vc\;Chiang:2009xs\;Green
1977\;Green1988\;Green1992\;Johnson2000\;Kaluza1921\;Kikkawa1984b\;Kle
in1926\;Kobayashi:2009nv\;Polchinski1996\;Polchinski:1998rq\;Polchinsk
i:1998rr\;Randall1999\;Sakai1986\;Sefusatti:2009xu\;Yau1977\;brane5\;;
1 ExplicitGroup:DBI multi-field\;0\;Agarwal:2008ah\;Ali:2008ij\;Arroja
:2008ma\;Arroja:2008yy\;Ashoorioon:2008qr\;Ashoorioon:2009wa\;Avgousti
dis:2008zu\;Battefeld:2008qg\;Baumann:2009ni\;Bird:2009pq\;Burgess:200
8ir\;Butcher:2008vc\;Butti:2004pk\;Cai:2008if\;Cai:2009hw\;Chen:2008ad
a\;Chen:2008ai\;Chen:2008au\;Chen:2008hz\;Cline:2009pu\;Easson:2009kk\
;Gao:2009at\;Gao:2009gd\;Green:2009ds\;Hoi:2008gc\;Huang:2007hh\;Huang
:2008rj\;Kamionkowski:2008sr\;Khoury:2008wj\;Kobayashi:2009cm\;Langloi
s:2008ng\;Langlois:2008qf\;Langlois:2008sg\;Langlois:2008wt\;Langlois:
2009ej\;Li:2008fm\;Maldacena:2000yy\;Mizuno:2009cv\;Mizuno:2009mv\;Ren
auxPetel:2008gi\;RenauxPetel:2009sj\;Silverstein:2008sg\;Tolley:2008qv
\;;
1 ExplicitGroup:My papers\;0\;hltw\;hustonmalik\;lidseyhuston\;;
1 ExplicitGroup:Observations\;0\;Astier2006\;Baumann:2008aq\;Bennett19
94\;Bennett1996c\;Colless:2001gk\;Dickinson2004\;Freedman2001\;Komatsu
:2008hk\;Kuo2004\;Kuo2007\;Mason2003b\;Montroy2006\;Percival2007\;Piac
entini2006\;Riess2004\;Riess2007\;Ruhl2003\;Sievers2003\;Sievers2007\;
Wood-Vasey2007\;York:2000gk\;planck\;spergel\;;
1 ExplicitGroup:Cites Me\;0\;Alabidi:2008ej\;Arroja:2009pd\;Avgoustidi
s:2008zu\;Berndsen:2009ww\;Bessada:2009ns\;Calcagni:2007ru\;Chen:2008a
u\;Gergely:2008fw\;Gumjudpai:2009uy\;Kinney:2007ag\;Mizuno:2009cv\;Miz
uno:2009mv\;Panotopoulos:2007ky\;RenauxPetel:2009sj\;Saridakis:2009uk\
;Silverstein:2008sg\;Spalinski:2007un\;Tzirakis:2008qy\;Vikman:2007sj\
;;
}

